1889 3191
244 230 320 266 300
617 225 894 265 SALLUSTII
920 225 946 263 J
949 224 1238 264 UGURTHIN
1240 224 1333 262 ΠΜ.

240 343 437 406 illosque
459 348 508 390 et
531 343 709 389 Sullam
731 342 888 389 venire
904 342 1054 405 jubet,
1091 341 1205 388 item
1229 341 1285 386 L.
1312 337 1574 386 Bellienum
1598 338 1722 386 Prae-

241 434 389 473 torem
413 426 564 482 Utica,
591 426 819 489 praeterea
852 426 1004 472 omnis
1039 425 1246 486 undique
1271 423 1490 470 senatorii
1525 423 1717 478 ordinis,

237 571 318 604 tam
335 567 433 603 facto
450 565 679 612 intelligunt.
734 565 790 601 At
809 565 865 602 Cl.
888 565 1104 601 Perizonius
1122 565 1170 601 ad
1190 564 1315 601 Sanct.
1329 564 1381 600 ΙΙ.
1402 564 1562 602 Minerv.
1582 577 1661 612 cap.
1684 567 1718 611 9,

236 631 512 677 interpretatur,
533 629 669 665 infecto
686 628 836 676 negotio
854 625 898 664 eo
917 628 1000 674 loci,
1020 625 1095 675 quo
1114 629 1336 665 intenderat.
1393 629 1480 665 Non
1497 634 1624 666 tamen
1636 641 1722 677 per-

238 694 389 737 maden
417 692 487 728 etsi
504 691 558 727 ita
576 691 621 726 de
638 690 831 727 itineribus
858 690 1068 738 loquantur.
1124 691 1402 737 Exponendum
1429 695 1566 738 autem,
1585 693 1721 730 infecto

236 756 395 803 negotio,
418 766 491 802 quo
510 754 675 790 consecto
693 754 855 790 reditum
873 754 1205 790 intenderat.-M.

291 817 458 863 Marius,
482 822 689 865 postquam
719 817 900 865 consecto,
931 829 1004 865 quo
1032 817 1261 863 intenderat,
1283 816 1442 864 neqotio,
1466 816 1552 867 &c.]
1584 818 1604 854 I
1622 819 1720 856 have

234 885 350 921 found
368 884 443 920 this
461 883 618 930 reading
635 883 674 918 in
693 886 768 919 two
796 882 982 918 excellent
1001 882 1158 918 editions
1177 882 1218 917 of
1231 893 1299 918 our
1325 882 1471 919 author.
1542 883 1561 919 1
1579 883 1720 921 believe

233 949 264 985 it
282 952 321 985 to
340 949 385 985 be
403 951 553 993 correct,
574 947 648 983 and
666 949 733 983 not
750 946 903 994 inficeto,
921 957 962 982 as
980 946 1087 982 other
1105 946 1179 982 bad
1193 946 1349 982 editions
1363 946 1461 983 have
1478 946 1520 984 it.
1576 946 1645 985 See
1655 948 1721 984 the

232 1016 319 1048 note
338 1011 380 1047 of
394 1011 575 1047 Kritzius.
632 1009 712 1046 The
730 1008 992 1045 transatlantic
1018 1008 1201 1055 professor
1218 1009 1325 1045 reads
1352 1008 1406 1045 ibi
1423 1009 1576 1057 infecto.
1636 1009 1718 1046 Ne-

228 1077 332 1124 qotz'o
352 1089 425 1125 quo
445 1088 506 1113 are
523 1076 564 1112 in
582 1076 647 1112 the
665 1086 767 1111 same
784 1085 868 1111 case
894 1075 947 1122 by
965 1074 1174 1120 attraction,
1195 1074 1320 1110 which
1337 1073 1388 1110 all
1406 1075 1570 1112 scholars
1587 1078 1719 1114 versed

230 1141 271 1176 in
291 1139 413 1178 Greek
431 1141 545 1176 know
562 1143 601 1175 to
621 1140 665 1175 be
683 1138 847 1185 peculiar
873 1142 912 1174 to
932 1139 996 1174 the
1015 1137 1120 1174 Attic
1148 1137 1295 1175 dialect.
1367 1138 1493 1185 Philip
1513 1139 1715 1186 Rubenius,

230 1203 294 1240 lib.
316 1205 351 1249 2,
373 1203 530 1239 Elector.
552 1213 582 1238 c.
606 1203 666 1247 16,
686 1202 811 1237 writes
838 1201 947 1237 thus:
980 1200 1116 1236 “Vere
1143 1200 1305 1247 profecto
1334 1200 1481 1247 Fabius,
1512 1201 1614 1238 aliud
1641 1213 1719 1239 esse

232 1266 377 1312 Latine,
411 1265 514 1302 aliud
547 1264 802 1302 Grammatice
831 1263 944 1310 loqui.
1000 1263 1104 1299 Nam
1131 1267 1219 1299 sunt
1250 1263 1290 1298 in
1316 1263 1466 1309 optimis
1492 1265 1715 1310 auctoribus,

230 1339 313 1375 quae
332 1328 461 1375 utique
479 1338 554 1363 non
571 1327 693 1363 ferant
713 1326 1052 1363 Grammaticorum
1069 1325 1181 1372 leges.
1238 1324 1328 1361 Tale
1354 1325 1394 1372 in
1413 1325 1571 1373 Agellio,
1593 1326 1656 1364 lib.
1680 1330 1713 1373 1,

229 1405 259 1428 c.
285 1393 344 1437 14,
365 1391 499 1428 Multis
517 1390 740 1437 magnisque
758 1389 878 1434 rebus,
901 1400 984 1435 quoe
1003 1389 1096 1425 bene
1115 1399 1159 1424 ac
1177 1387 1357 1424 benevole
1375 1390 1530 1427 fecisset.
1595 1390 1713 1438 Quas,

229 1455 402 1502 oportuit,
423 1453 568 1500 inquiet
587 1452 702 1489 alius:
733 1452 795 1488 ille
814 1463 902 1488 vero
920 1456 1044 1499 negat,
1066 1455 1103 1487 et
1121 1455 1279 1497 usurpat
1296 1452 1432 1488 iterum
1458 1453 1522 1490 lib.
1538 1455 1574 1500 4,
1595 1467 1626 1492 c.
1653 1457 1712 1501 18,

230 1515 355 1562 Quam
366 1516 478 1553 fuerit
496 1515 595 1551 altus
614 1516 739 1551 animo
758 1519 870 1562 atque
884 1515 1117 1561 magnificus,
1135 1518 1261 1560 etqua
1279 1515 1336 1551 sui
1350 1514 1575 1553 conscientia
1587 1517 1713 1564 nixus,

227 1579 396 1626 pluribus
414 1578 534 1624 rebus,
556 1589 636 1626 quae
656 1578 796 1614 dixerit
815 1589 967 1624 quaeque
986 1577 1121 1622 fecerit,
1139 1576 1369 1613 declaratum
1383 1583 1450 1615 est.
1507 1579 1635 1616 Etiam
1652 1579 1716 1617 ille

228 1640 401 1680 Romana
419 1642 562 1688 primus
582 1641 735 1687 Crispus
753 1641 793 1676 in
811 1641 986 1676 historia:
1020 1640 1042 1658 ‘⁴
1054 1639 1306 1675 Abundanti&
1325 1652 1456 1677 earum
1475 1654 1611 1689 rerum,
1633 1655 1715 1691 quoe

220 1705 353 1752 pn'ma
372 1704 548 1741 mortales
567 1703 743 1740 ducunt.’'
797 1703 859 1739 Ad
878 1714 956 1739 rem
975 1702 1114 1738 scilieet
1132 1702 1262 1749 ipsam,
1283 1714 1359 1739 non
1386 1705 1435 1740 ad
1452 1704 1627 1742 voculam
1654 1710 1714 1743 at·

227 1769 376 1804 tendere
390 1779 458 1804 nos
475 1767 687 1804 voluerunt.
743 1766 871 1813 Atque
899 1767 969 1802 hoc
989 1765 1237 1814 σολοικοφανὲς
1259 1766 1412 1804 Generis
1429 1772 1506 1805 est:
1536 1779 1619 1806 ecce
1638 1767 1713 1806 Ca-

226 1842 336 1867 suum
351 1835 387 1866 et
403 1830 666 1876 Inssexionum,
681 1828 863 1877 Agellius,
880 1828 943 1866 lib.
963 1832 996 1875 1,
1013 1842 1043 1866 c.
1060 1832 1120 1876 25,
1139 1832 1160 1850 “
1177 1830 1318 1866 Idcirco
1333 1841 1379 1865 ex·
1391 1827 1451 1878 iis,
1468 1832 1604 1877 quibus
1617 1831 1710 1878 dixi,

225 1893 389 1930 vocibus.
450 1893 531 1930 Lib.
556 1894 615 1938 ll,
647 1904 678 1928 c.
701 1893 762 1937 26,
795 1891 867 1929 Sed
899 1891 937 1927 in
970 1892 1014 1928 iis
1041 1897 1169 1929 tamen
1202 1893 1399 1939 coloribus,
1435 1894 1570 1942 quibus
1601 1895 1713 1931 modo

225 1956 367 1992 dixisti.
424 1956 559 1992 Nonne
578 1966 629 1991 ex
643 1955 860 1991 literatoria
888 1954 978 2002 lege,
1001 1968 1098 2003 quas
1127 1960 1164 1992 et
1183 1968 1275 2004 quos
1294 1956 1493 2004 utrobique
1519 1954 1713 2004 oportuit?

224 2018 278 2054 At
296 2024 452 2064 veteres,
471 2022 508 2054 et
526 2017 720 2065 presertim
741 2017 881 2055 Comici
900 2018 1000 2064 pleni
1019 2018 1165 2054 talium.
1222 2018 1350 2054 Etiam
1378 2019 1417 2054 in
1436 2019 1636 2057 Historicis
1652 2031 1712 2057 re-

224 2081 342 2128 perire
355 2086 420 2118 est.
479 2081 526 2117 In
547 2080 673 2117 Hirtio
692 2080 737 2116 de
755 2079 842 2116 bell.
860 2078 1028 2117 African.
1075 2081 1179 2116 Dum
1197 2081 1277 2118 haec
1292 2082 1350 2118 ita
1367 2082 1508 2129 fierent,
1529 2094 1598 2120 rex
1609 2083 1712 2122 Juba

223 2145 384 2191 cognitis
403 2144 560 2182 Caesaris
587 2142 879 2189 difficultatibus,
899 2154 974 2179 non
1001 2148 1058 2180 est
1076 2144 1200 2180 visum
1228 2145 1392 2191 spatium
1419 2146 1710 2184 convalescendi.

226 2208 418 2256 Ejusmodi
437 2219 583 2255 quoque
602 2207 694 2243 illud
716 2207 734 2243 I
754 2205 828 2244 Cti.
850 2209 899 2243 27
920 2207 968 2242 ad
988 2207 1028 2242 L.
1042 2206 1197 2254 Aquill.,
1217 2206 1259 2243 Si
1276 2208 1361 2255 quis
1380 2220 1526 2243 servum
1546 2210 1711 2246 conduc-

223 2277 299 2307 tum
321 2273 375 2307 ad
392 2273 593 2319 reyendum
613 2271 763 2317 mulum,
786 2271 1103 2307 commendaverit
1121 2273 1155 2306 ei
1182 2272 1321 2307 mulum
1340 2285 1352 2307 .·
1383 2272 1447 2307 ille
1465 2274 1521 2308 ad
1530 2274 1710 2321 pollicem

223 2350 304 2373 eum
324 2337 554 2385 alliyaverit.
612 2337 782 2384 Denique
809 2336 930 2372 multa
949 2335 1049 2381 talia,
1071 2347 1154 2382 quae
1173 2336 1204 2371 si
1223 2340 1415 2372 autumem
1444 2337 1579 2384 omnia,
1600 2338 1711 2374 nimis

223 2403 358 2450 longus
377 2414 496 2438 sermo
516 2403 574 2439 sit.
633 2402 683 2438 Et
702 2403 780 2438 haec
799 2402 901 2447 satis,
923 2402 1001 2437 sive
1021 2401 1068 2436 ad
1086 2400 1302 2437 refellendos
1321 2402 1500 2448 quosdam
1528 2403 1711 2440 serviliter

222 2469 498 2516 grammaticos,
519 2469 598 2505 sive
626 2469 674 2504 ad
692 2468 944 2514 reprimendos
971 2467 1062 2504 alios
1094 2467 1270 2503 audacter
1297 2467 1408 2503 nimis
1428 2468 1594 2515 Criticos,
1616 2480 1709 2516 quos

222 2536 260 2569 in
280 2533 456 2570 memoria
475 2545 618 2580 semper
635 2534 771 2570 habere
789 2534 975 2580 expediat,
996 2531 1156 2572 ἀκίνητοι
1169 2532 1222 2580 μὴ
1243 2535 1358 2569 κινεῖν.
1418 2535 1505 2572 Non
1523 2536 1709 2572 movenda

221 2610 267 2634 ne
286 2603 472 2635 moveant.
530 2596 633 2634 Thus
651 2597 708 2634 far
728 2598 872 2634 Ruben.
931 2599 1010 2635 The
1037 2603 1208 2635 sentence
1235 2600 1354 2636 above
1380 2600 1476 2636 from
1497 2600 1654 2645 Hirtius,
1676 2600 1707 2636 is

222 2664 388 2700 adduced
421 2662 497 2699 also
527 2663 579 2709 by
606 2663 773 2699 Perizon.
796 2674 841 2698 on
877 2663 1004 2701 Sanct.
1027 2663 1199 2709 Mine1·v.,
1221 2675 1256 2711 p.
1281 2665 1378 2710 7253
1408 2666 1492 2712 and,
1514 2664 1533 2701 I
1553 2665 1703 2711 believe,

221 2730 274 2777 by
294 2727 457 2765 Gronov.
479 2739 527 2763 on
548 2728 696 2765 Seneca.
755 2729 822 2766 See
841 2729 1008 2766 Perizon.
1039 2729 1062 2765 l.
1084 2741 1114 2765 c.
1135 2741 1169 2776 p.
1194 2731 1280 2776 728,
1304 2741 1351 2767 on
1378 2731 1599 2777 attraction3
1630 2733 1704 2768 and
