1889 3191
305 269 353 304 60
751 266 1027 306 SALLUSTII
1055 268 1317 308 CATILINA.

367 384 550 432 XXXI.
573 383 755 441 Quibus
777 386 916 433 rebus
937 393 1148 450 permota
1169 387 1345 443 civitas,
1363 392 1501 450 atque
1517 387 1764 434 immutata

299 471 428 519 urbis
450 471 619 519 facies:
657 488 712 519 ex
746 471 928 518 summa
949 471 1114 519 laetitia
1135 479 1273 535 atque
1295 472 1494 529 lascivia,
1523 490 1627 537 quae
1662 473 1763 520 diu-

297 563 436 604 turna
456 557 586 620 quies
607 563 860 619 pepererat,
888 558 1076 619 repente
1099 556 1249 603 omnis
1262 557 1455 604 tristitia
1476 558 1658 606 invasit.
1674 558 1764 607 fes-

295 638 457 694 tinare,
484 638 744 702 trepidare;
781 654 930 700 neque
951 638 1067 693 loco,
1092 654 1178 685 nec
1207 638 1389 684 homini
1411 639 1625 702 cuiquam
1649 640 1763 687 satis

295 724 506 780 credere3
532 739 679 787 neque
701 723 876 771 bellum
899 740 1069 786 gerere,
1096 740 1245 787 neque
1267 741 1428 788 pacem
1451 724 1620 772 habere
1639 744 1650 772 ε
1678 742 1761 774 suo

295 813 489 876 quisque
510 818 639 858 metu
660 810 864 874 pericula
886 810 1056 857 metiri.
1125 810 1202 857 Ad
1218 811 1307 859 hoc
1325 811 1554 868 muliereS‚
1575 812 1757 875 quibus,

293 897 559 960 reipublicae
581 895 915 959 magnitudine,
942 896 1053 942 belli
1085 896 1225 943 timor
1258 897 1488 952 insolitus,
1526 897 1759 946 adflictare

293 1000 405 1040 sese,
431 1000 596 1030 manus
621 983 852 1046 supplices
886 982 945 1030 ad
967 983 1134 1030 coelum
1174 983 1390 1039 tendere;
1427 984 1634 1031 miserari
1656 1001 1759 1048 par-

291 1086 372 1117 vos
394 1070 591 1124 liberos;
628 1067 861 1130 rogitare,¹
886 1068 1041 1115 omnia
1063 1085 1227 1131 pavere
1246 1090 1257 1124 ;
1296 1067 1511 1131 superbia
1532 1075 1669 1133 atque
1693 1069 1759 1116 di·

290 1156 408 1206 liciis
431 1154 629 1211 omissis,
656 1154 744 1201 sibi
767 1155 1020 1218 patriaeque
1039 1154 1260 1202 diffidere.
1328 1154 1394 1201 At
1415 1154 1630 1202 Catilinae
1654 1171 1757 1202 cru-

289 1242 403 1289 delis
437 1242 618 1288 animus
653 1240 812 1288 eadem
846 1240 925 1287 illa
958 1241 1184 1296 movebat,
1224 1247 1381 1286 tamen
1414 1240 1501 1287 etsi
1538 1240 1756 1303 praesidia

286 1329 581 1392 parabantur,
610 1334 655 1373 et
674 1327 774 1389 ipse
796 1326 896 1389 lege
921 1326 1121 1372 Plauti&
1157 1326 1467 1389 interrogatus
1492 1333 1590 1373 erat
1613 1327 1670 1373 ab
1697 1327 1751 1373 L.

287 1411 464 1458 Paullo.
534 1411 786 1465 Postremo,
816 1409 1138 1456 dissimulandi
1163 1408 1301 1456 causa
1323 1418 1460 1473 atque
1495 1411 1567 1457 sui
1589 1427 1754 1474 expur-

285 1498 438 1560 gandi,
478 1497 614 1544 sicuti
655 1496 810 1559 jurgio
859 1495 1100 1542 lacessitus
1135 1495 1290 1552 foret,³
1324 1497 1372 1542 in
1423 1503 1634 1543 senatum
1679 1512 1752 1544 ve-

283 1670 401 1708 called
420 1668 664 1715 mayistrams
683 1669 843 1716 majores
856 1681 871 1709 ;
902 1669 976 1704 and
1008 1667 1059 1704 all
1091 1669 1153 1705 the
1184 1673 1260 1705 rest
1285 1680 1381 1706 were
1411 1670 1545 1706 named
1576 1670 1747 1717 minores,

283 1734 373 1770 such
393 1745 443 1777 as,
465 1733 528 1769 the
547 1732 681 1777 Ediles,
705 1732 903 1777 Quaestors,
926 1732 1116 1777 Tribunes,
1140 1732 1358 1778 Triumvirs,
1383 1732 1555 1770 &c.—M.

338 1796 488 1832 XXXI.
519 1793 530 1816 ¹
553 1792 766 1844 Regnare]
798 1795 1030 1842 Interrogare
1047 1800 1084 1831 et
1112 1796 1288 1832 sciscitari
1307 1796 1352 1832 de
1379 1796 1631 1844 conjuratione
1649 1798 1748 1844 apud

282 1860 373 1896 alios
392 1865 474 1907 post
493 1859 702 1896 alios—M.

333 1922 347 1943 ²
366 1922 468 1970 Leye
488 1920 681 1971 Plautia]
712 1922 789 1958 The
807 1923 950 1965 author,
972 1922 1014 1958 P.
1037 1922 1204 1967 Plautus,
1221 1922 1383 1958 Tribune
1401 1921 1442 1958 of
1455 1923 1519 1959 the
1534 1922 1744 1970 Commons,

281 2000 319 2026 A.
335 2000 371 2026 U.
395 1990 482 2034 675,
503 1988 652 2036 against
669 1987 773 2022 those
791 1986 874 2022 that
894 1987 1099 2033 attempted
1127 1997 1203 2034 any
1221 1986 1317 2022 force
1335 1986 1484 2033 against
1511 1987 1574 2023 the
1593 1992 1689 2023 state
1707 1999 1747 2024 or

280 2057 416 2098 senate,
437 2064 478 2089 or
504 2051 594 2088 used
626 2062 701 2098 any
733 2049 896 2086 violence
925 2050 1087 2086 towards
1120 2050 1184 2086 the
1216 2049 1464 2097 magistrates,
1498 2061 1538 2086 or
1565 2052 1745 2098 appeared

280 2117 407 2153 armed
425 2116 463 2152 in
482 2115 618 2163 public.
678 2114 756 2150 The
775 2114 1014 2160 punishment
1032 2114 1205 2161 assigned
1234 2118 1273 2150 to
1305 2114 1368 2150 the
1395 2124 1528 2160 person
1554 2115 1746 2152 convicted

280 2192 367 2226 waS,
388 2180 507 2227 Aquae
527 2185 563 2216 et
580 2179 679 2227 ignis
696 2177 1024 2214 interdictio.-—M.

331 2242 346 2264 ³
368 2243 487 2279 Sicuti
494 2243 625 2290 juryio
645 2242 840 2278 lacessitus
850 2242 966 2290 foret,
987 2238 1075 2290 &c.]
1106 2240 1286 2286 Muretus,
1315 2241 1355 2276 in
1381 2240 1440 2276 his
1467 2245 1669 2277 commenta
1696 2253 1744 2278 on

278 2309 342 2346 the
360 2308 441 2344 first
461 2307 614 2343 Oration
633 2307 674 2341 of
689 2305 814 2342 Cicero
833 2305 981 2353 against
1001 2304 1170 2349 Catiline,
1191 2316 1221 2340 c.
1238 2306 1270 2349 7,
1288 2303 1416 2340 thinks
1435 2315 1490 2339 we
1508 2303 1639 2340 should
1657 2306 1744 2341 read

277 2377 344 2409 not
351 2372 481 2419 juryio
494 2371 562 2406 but
574 2369 725 2416 injuria,
742 2369 864 2404 which
878 2369 909 2404 is
921 2367 1039 2415 really
1053 2379 1075 2403 a
1089 2379 1181 2415 very
1193 2366 1368 2414 probable
1386 2367 1606 2414 conjecture.
1636 2367 1745 2405 After

278 2435 464 2481 adducing
482 2433 557 2469 this
576 2437 754 2478 sentence,
775 2432 821 2468 he
840 2443 937 2479 says,
959 2431 1102 2475 Quibus
1128 2431 1168 2466 in
1185 2431 1318 2475 verbis,
1340 2442 1435 2477 saepe
1462 2431 1634 2478 cogitavi,
1655 2433 1744 2479 quid

278 2500 347 2536 sibi
364 2498 477 2535 vellet
495 2497 560 2533 illa
585 2508 666 2532 vox
687 2496 829 2544 juryio.
886 2495 996 2531 Nunc
1025 2495 1064 2530 in
1094 2494 1187 2531 libro
1218 2495 1479 2540 manuscripto,
1510 2506 1620 2542 quem
1651 2496 1743 2532 mihi

278 2561 494 2598 Franciscus
514 2559 711 2606 Capellius,
724 2559 899 2606 patricius
918 2558 1093 2603 Venetus,
1110 2557 1390 2594 honestissimus
1408 2558 1625 2603 adolescens,
1646 2559 1742 2595 dono

278 2626 387 2669 dedit,
407 2636 483 2660 non
499 2624 609 2660 valde
637 2624 700 2659 illo
730 2624 879 2670 quidem
906 2623 1011 2667 bono,
1034 2623 1097 2658 sed
1128 2627 1263 2666 tamen,
1296 2621 1515 2658 cuicuimodi
1546 2625 1610 2666 oet,
1631 2622 1670 2657 in
1697 2634 1739 2659 eo

277 2689 455 2735 scriptum
469 2688 586 2723 video.
644 2687 747 2724 Sicut
755 2687 863 2734 jurio
883 2687 1076 2722 lacessitus
1085 2687 1191 2734 foret
1206 2698 1221 2726 ‚·
1241 2686 1338 2721 unde
1357 2684 1520 2732 conjicio,
1536 2695 1602 2730 pro
1605 2684 1736 2732 juryio

275 2751 473 2799 legendum
493 2750 646 2797 injuria.
703 2750 917 2786 Perizonius
936 2750 1050 2794 reads,
1076 2748 1202 2783 Sicubi
1211 2749 1305 2796 fuit,
1327 2748 1401 2783 and
1419 2751 1484 2782 not
1503 2747 1610 2783 sicuti
1627 2748 1732 2785 foret.

275 2815 418 2851 Nonius
437 2812 636 2850 Marcellus
668 2813 931 2860 distinguishes
963 2813 1127 2849 between
1148 2811 1317 2858 juryium
1337 2811 1410 2846 and
1429 2810 1487 2856 lis,
1518 2811 1616 2857 thus,
1645 2811 1735 2848 Jur-
