1889 3191
239 215 261 248 ‘2
268 214 315 249 90
615 216 893 257 SALLUSTII
919 218 945 255 J
948 218 1333 258 UGURTHINUM.

236 344 400 376 somno
421 332 586 393 captiS,
614 332 671 379 de
694 334 946 396 improviso
972 334 1145 397 vigiles,
1170 335 1285 382 item
1314 334 1592 390 cohortium,
1619 342 1716 382 tur-

233 428 429 470 marum,
455 416 691 478 legionum
725 419 956 466 tubicines
991 419 1132 464 simul
1164 419 1317 466 omnis
1353 421 1486 482 signa
1517 435 1711 475 canere3

233 498 406 546 milites
428 501 676 548 clamorem
699 503 874 557 tollere,
896 509 1035 564 atque
1058 503 1206 565 portis
1230 520 1487 568 erumpere.
1558 504 1716 551 Mauri

234 592 372 645 atque
397 585 573 631 Gaetuli
607 586 769 647 ignoto
809 592 856 633 et
893 586 1107 633 horribili
1146 588 1301 634 sonitu
1334 592 1528 651 repente
1562 589 1714 644 exciti,

232 683 381 730 neque
404 669 579 731 fugere,
608 685 757 732 neque
791 686 921 717 arma
954 686 1131 731 capere,
1166 687 1316 734 neque
1348 673 1538 719 omnino
1571 673 1720 720 faeere

232 759 313 796 aut
335 753 577 813 providere
613 754 868 816 quidquam
900 762 1134 817 poterant,
1171 755 1239 801 ita
1272 763 1465 803 cunctos
1501 757 1715 818 strepitu,

232 835 445 890 clamore,
474 837 600 883 nullo
626 838 943 894 subveniente,
968 840 1142 886 nostris
1165 840 1466 896 instantibus,
1492 841 1715 896 tumultu,

231 927 419 974 terrore,
446 921 663 977 formido,
684 923 817 985 quasi
834 923 1061 978 vecordia,
1080 931 1281 987 ceperat.
1330 925 1544 988 Denique
1558 941 1721 972 omnes

234 1005 328 1050 fusi
351 1005 607 1069 fugatique.
646 1024 775 1054 arma
797 1015 844 1055 et
879 1009 1012 1069 signa
1045 1009 1266 1056 militaria
1298 1010 1518 1072 pleraque
1552 1017 1719 1074 capta;

232 1089 484 1152 pluresque
510 1108 563 1138 eo
606 1093 780 1155 praelio,
818 1097 957 1156 quam
997 1095 1215 1140 omnibus
1253 1095 1572 1157 superioribus
1604 1095 1723 1142 inte-

232 1176 418 1236 rempti.
489 1177 615 1222 Nam
640 1193 803 1224 somno
827 1185 874 1224 et
898 1187 1026 1224 metu
1049 1178 1239 1224 insolito
1262 1179 1489 1241 impedita
1510 1179 1637 1242 fuga.

302 1259 356 1304 C.
396 1261 518 1307 Dein
543 1261 740 1317 Marius,
769 1264 839 1309 uti
864 1268 1083 1325 coeperat,
1102 1263 1152 1309 in
1173 1263 1370 1310 hiberna
1386 1263 1417 1318 ;1
1442 1279 1564 1326 quae,
1586 1279 1725 1326 prop·

235 1353 306 1388 ter
329 1352 658 1400 commeatum,
685 1346 735 1392 in
759 1347 944 1409 oppidis
968 1347 1233 1393 maritumis
1268 1363 1404 1409 agere
1428 1347 1691 1394 decreverat
1712 1368 1720 1394 :

235 1443 383 1489 neque
406 1435 563 1475 tamen
588 1445 744 1476 socors
767 1431 974 1485 victoria,
998 1437 1079 1476 aut
1100 1430 1306 1477 insolens
1329 1431 1482 1478 factus
1501 1452 1512 1486 ;
1539 1432 1623 1478 sed
1644 1448 1726 1495 pa-

235 1510 350 1556 riter
373 1518 512 1572 atque
535 1512 584 1557 in
607 1520 862 1575 conspectu
894 1513 1120 1568 hostium,
1149 1513 1375 1575 quadrato
1400 1514 1583 1576 agmine
1605 1514 1728 1560 ince-

237 1594 359 1641 dere.
432 1597 560 1644 Sulla
584 1615 690 1645 cum
715 1599 926 1660 equitatu
950 1598 1075 1660 apud
1095 1598 1358 1654 dextumos,
1379 1599 1429 1644 in
1452 1599 1641 1645 sinistra
1663 1599 1724 1645 A.

237 1679 446 1726 Manlius
481 1698 587 1728 cum
622 1682 939 1729 funditoribus
975 1690 1021 1729 et
1056 1683 1357 1745 saggittariis,
1394 1686 1621 1744 praeterea
1654 1698 1728 1729 co-

237 1765 398 1811 hortes
424 1766 679 1828 Ligurum²
704 1768 923 1821 curabat;
962 1767 1138 1830 primos
1174 1776 1219 1813 et
1245 1776 1476 1814 extremos
1511 1784 1618 1814 cum
1652 1783 1728 1813 ex-

235 1850 406 1910 peditis
431 1851 682 1913 manipulis
706 1852 919 1898 tribunos
943 1852 1188 1898 locaverat.
1260 1853 1492 1915 Perfugae,
1514 1852 1725 1899 minume

238 1934 351 1980 cari³
375 1942 421 1981 et
444 1936 688 1997 regionum
713 1937 1042 1991 scientissumi,
1065 1937 1273 1983 hostium
1288 1937 1378 1984 iter
1391 1937 1694 2000 explorabant
1717 1955 1727 1982 :

240 2019 379 2064 simul
414 2020 606 2076 Consul,
650 2022 784 2084 quasi
820 2022 949 2068 nullo
983 2022 1219 2084 imposito,
1256 2022 1414 2068 omnia
1456 2021 1728 2084 providere;

239 2106 364 2167 apud
387 2123 549 2154 omnes
574 2107 735 2154 adesse
760 2128 772 2162 ;
813 2108 1018 2163 laudare,
1044 2108 1282 2169 increpare
1311 2108 1548 2154 merentis·
1621 2107 1731 2169 Ipse

240 2200 446 2239 armatus
469 2194 785 2256 intentusque,
811 2193 923 2240 item
948 2193 1119 2239 milites
1144 2193 1338 2255 cogebat
1359 2212 1368 2238 :
1408 2208 1557 2255 neque
1581 2208 1729 2247 secus,

297 2353 338 2389 C.
369 2350 379 2372 ¹
405 2353 453 2388 In
473 2351 667 2402 hiberna]
700 2353 873 2401 Intellige
900 2352 1155 2399 proficiscitur.
1212 2351 1334 2388 Verbs
1352 2351 1394 2387 of
1406 2352 1559 2396 motion,
1581 2352 1674 2387 such
1692 2362 1734 2387 as

243 2417 434 2463 proficisci,
455 2417 518 2462 ire,
539 2417 699 2461 tendere,
721 2426 783 2452 are
801 2415 1015 2463 frequently
1034 2413 1375 2461 suppressed.—M.

297 2479 311 2500 ²
330 2479 522 2518 Praetere&
542 2480 713 2517 cohortes
734 2477 958 2528 Πρω-ατη]
983 2479 1100 2524 Quasi
1114 2478 1282 2524 dixisset,
1301 2477 1487 2514 Praeterea
1501 2480 1608 2512 erant
1623 2476 1664 2512 in
1677 2476 1734 2522 iis,

246 2558 330 2582 eum
349 2547 485 2594 quibus
504 2546 670 2590 curabat,
691 2545 860 2581 cohortes
880 2542 1185 2591 Ligurum—M.

294 2609 309 2631 ³
332 2611 515 2660 Perfuyoe,
538 2608 702 2646 minume
723 2607 842 2659 σαι-ι’]
866 2608 1041 2657 Perfugis
1067 2607 1421 2655 periculosissimum
1447 2605 1643 2653 negotium
1670 2605 1735 2641 de-

245 2676 449 2713 mandabat
466 2674 611 2711 Marius
629 2673 826 2720 explorare
843 2673 915 2709 iter
932 2672 1119 2708 hostium:
1141 2671 1230 2718 quia
1247 2667 1404 2706 minime
1424 2674 1505 2706 tam
1523 2668 1600 2706 cari
1617 2672 1733 2712 erant,

244 2747 287 2778 ut
305 2741 406 2777 cives
424 2743 492 2776 aut
510 2738 598 2775 socii
616 2737 788 2782 Romani,
808 2736 938 2773 viliore
956 2736 1105 2780 damno,
1126 2735 1159 2772 si
1175 2732 1494 2782 periissent.—M.
