1889 3191
631 227 911 265 SALLUSTII
941 227 1211 266 CATILINA.
1648 234 1670 268 3

168 354 256 393 est.
328 345 435 401 Quo
457 345 577 391 mihi
598 345 774 393 rectius
795 346 995 400 videtur,
1013 345 1191 409 ingenii
1214 363 1353 410 quam
1381 348 1548 394 virium
1575 349 1673 410 opi-

166 436 255 481 bus
279 433 476 496 gloriam
494 451 702 498 quaerere
724 455 736 490 ;
763 441 823 489 et,
844 433 1065 497 quoniam
1083 433 1181 480 vita
1202 435 1319 497 ipsa,
1340 437 1433 498 qua
1455 435 1670 490 fruimur,

165 517 320 563 brevis
339 523 424 572 est,
451 516 728 563 memoriam
750 515 930 563 nostri⁶
956 516 1094 578 quam
1120 516 1366 562 maxume7
1385 516 1579 578 longam
1606 517 1670 563 ef-

164 604 320 649 ficere.
390 603 517 649 Nam
537 603 807 649 divitiarum
827 610 872 649 et
887 601 1074 649 formae8
1093 602 1243 665 gloria
1265 603 1394 649 fluxa
1414 612 1553 666 atque
1577 602 1669 649 fra-

166 689 304 751 gilis3
330 688 481 751 virtus
507 689 631 736 clara
654 697 922 752 aeternaque
946 689 1164 736 habetur.
1227 689 1320 736 Sed
1344 689 1425 735 diu
1448 706 1674 752 magnum

166 776 291 822 inter
324 776 537 823 mortalis
564 784 802 822 certamen
842 775 948 831 fuit,
990 775 1098 822 vine
1139 775 1364 838 corporis,
1407 792 1464 821 an
1502 775 1676 821 virtute

169 862 330 917 animi,
368 878 443 908 res
479 862 694 908 militaris
729 863 881 924 magis
921 861 1210 924 procederet.
1282 862 1408 908 Nam
1445 870 1491 908 et
1527 861 1674 924 prius,

169 947 333 1012 quam⁹
366 949 578 1012 incipias,
618 949 834 995 consulto
857 969 867 1002 ;
907 956 967 1004 et,
1006 949 1088 994 ubi
1143 949 1448 1004 consulueriS,
1489 951 1676 996 mature

170 1036 295 1082 facto
319 1052 439 1098 opus
475 1042 561 1082 est.
631 1036 709 1081 Ita
731 1040 985 1098 utrumque
1013 1050 1098 1097 per
1134 1050 1182 1081 se
1217 1034 1449 1096 indigens,
1479 1034 1678 1081 alterum

170 1122 363 1168 alterius
388 1121 562 1168 auxilio
595 1128 717 1184 eget.

238 1209 308 1255 II.
348 1208 504 1271 Igitur
525 1208 660 1255 initio
685 1223 819 1270 reges
846 1207 978 1270 (nam
1001 1205 1051 1251 in
1076 1206 1212 1252 terris
1232 1223 1405 1253 nomen
1428 1207 1613 1270 imperii
1632 1207 1681 1252 id

154 1387 287 1432 'much
306 1395 449 1441 affects,
471 1395 599 1432 writes
613 1394 831 1442 commonly
851 1394 914 1430 dis
933 1394 991 1430 for
1011 1394 1097 1440 diis,
1119 1394 1153 1429 is
1172 1394 1230 1430 for
1248 1395 1309 1439 iis,
1326 1394 1445 1430 isdem
1459 1395 1518 1431 for
1534 1395 1678 1430 iisdem.

172 1462 273 1497 idem
292 1461 350 1497 for
369 1461 496 1506 iidem,
520 1460 606 1508 quis
625 1458 682 1495 for
702 1460 850 1507 quibus,
876 1458 1054 1497 &c.—M.

227 1526 243 1547 ⁶
271 1528 503 1565 flffemoriam
519 1526 682 1577 nostri]
746 1528 887 1564 Nostri
905 1529 937 1565 is
956 1529 996 1564 in
1015 1529 1093 1565 this
1113 1528 1219 1575 place
1232 1529 1297 1566 the
1316 1529 1484 1577 genitive
1503 1529 1630 1577 plural
1648 1530 1689 1565 of

171 1596 238 1632 the
256 1606 429 1642 pronoun
449 1607 526 1642 eqo.
584 1594 675 1630 And
695 1596 879 1630 memoria
898 1596 1026 1631 nostri
1044 1595 1114 1630 has
1135 1606 1158 1630 a
1176 1606 1271 1642 very
1291 1595 1464 1631 different
1492 1596 1683 1643 significa-

170 1659 252 1696 tion
269 1659 369 1696 from
397 1661 580 1695 memoria
611 1666 758 1695 nostra.
816 1660 896 1695 The
923 1661 1061 1696 former
1093 1661 1247 1696 denotas
1278 1661 1346 1697 the
1372 1671 1545 1708 memory
1575 1661 1617 1696 of
1639 1673 1684 1697 us

172 1737 314 1774 among
344 1726 540 1774 postersty,
573 1726 639 1762 the
664 1726 780 1762 latter
798 1726 959 1772 imports
984 1726 1049 1762 the
1067 1737 1239 1773 memory
1258 1737 1299 1762 or
1328 1727 1608 1763 remembrance
1627 1737 1684 1762 we

171 1791 362 1829 ourselves
374 1792 475 1828 have
493 1792 536 1827 of
548 1791 813 1838 predecessors,
836 1803 876 1827 or
895 1791 1026 1839 things
1039 1791 1251 1838 past.-M.

224 1855 240 1876 ⁷
277 1859 403 1902 Quam
424 1858 642 1909 maxuma]
704 1859 872 1897 Observe
892 1861 1008 1908 again
1023 1872 1092 1897 our
1111 1861 1279 1898 author's
1307 1861 1544 1898 attachment
1563 1868 1601 1898 to
1620 1862 1687 1898 the

171 1923 236 1960 old.
253 1925 526 1972 orthography.
585 1925 647 1961 He
666 1925 834 1973 scarcely
853 1936 941 1961 ever
958 1925 1047 1961 fails
1064 1931 1105 1962 to
1124 1926 1234 1962 write
1249 1938 1453 1962 maz-umus
1472 1926 1530 1962 for
1554 1929 1683 1963 maxi-

172 2001 265 2036 mus,
293 1990 485 2025 minumus
510 1990 568 2026 for
595 1991 787 2035 minimus,
817 1995 995 2037 optumus
1021 1989 1080 2026 for
1108 1992 1285 2038 optimus,
1300 1991 1600 2039 pulcherrumus
1628 1992 1686 2027 for

167 2055 467 2104 pulcherrimus,
506 2056 637 2092 lubido
656 2057 715 2092 for
749 2056 879 2102 libido,
917 2062 1072 2093 aestmno
1099 2057 1158 2093 for
1189 2058 1346 2104 aestimo‚
1359 2058 1597 2106 faciundum
1628 2058 1685 2094 for

163 2122 409 2170 faciendum,
425 2122 594 2169 petundi
613 2122 671 2158 for
682 2123 855 2170 petendi,
880 2122 1058 2160 acm—M.

226 2186 242 2208 ³
272 2191 515 2228 Divitiarum
535 2197 572 2228 et
582 2193 733 2241 formae,
752 2191 842 2242 &c.]
902 2193 1128 2240 Gronovius,
1146 2194 1319 2231 DIatribe
1332 2205 1381 2230 on
1398 2193 1554 2238 Statius,
1572 2207 1602 2231 c.
1621 2196 1683 2239 30,

173 2268 211 2304 p.
236 2259 324 2303 192,
346 2258 545 2305 interprets
564 2260 629 2295 the
649 2265 821 2296 sentence
841 2261 956 2297 thus:
988 2261 1112 2297 virt-us
1130 2257 1305 2308 gloriose,
1327 2266 1366 2297 et
1395 2266 1578 2297 aeternum
1598 2273 1686 2308 pos-

173 2321 325 2367 sidetur,
345 2322 500 2358 virtutis
528 2322 631 2359 clara
658 2328 696 2359 et
726 2328 868 2360 aetema
900 2325 1084 2371 possessio
1112 2329 1180 2361 est.
1236 2324 1390 2372 Vulgus
1416 2325 1686 2372 magistrorum

173 2387 245 2422 hoc
262 2398 340 2422 non
365 2387 555 2435 intelligit,
585 2389 634 2424 he
665 2400 765 2436 says.
841 2389 903 2426 He
936 2390 1045 2426 takae
1077 2389 1179 2426 clara
1202 2394 1240 2426 et
1267 2395 1409 2427 aeterna
1438 2389 1683 2436 adverbially,

174 2452 272 2489 after
290 2453 356 2488 the
374 2464 534 2489 manner
553 2453 595 2489 of
610 2455 674 2490 the
694 2454 953 2493 Greeks-C.

226 2516 243 2538 ⁹
274 2519 381 2556 Nam
400 2526 437 2556 et
448 2522 575 2568 prius,
597 2535 724 2570 quam,
749 2521 836 2573 &c.]
869 2523 928 2559 Et
946 2524 1112 2572 signifies
1131 2528 1270 2571 tamen,
1287 2536 1329 2561 or
1340 2535 1443 2560 some
1455 2526 1547 2562 such
1561 2526 1682 2574 thing.

173 2586 212 2622 in
231 2587 337 2623 these
354 2587 550 2635 following
567 2588 662 2624 lines
680 2588 778 2625 cited
796 2590 849 2638 by
868 2590 1048 2626 Nicholas
1067 2590 1250 2627 Heinsius
1268 2602 1316 2627 on
1337 2591 1535 2629 claudian.

227 2652 515 2700 AEquoreusque
532 2652 666 2699 placet⁷
689 2654 754 2690 sed
773 2658 840 2690 not
859 2659 896 2689 et
914 2655 1053 2691 sufficit
1071 2655 1431 2703 hamon-Lucan,
1453 2657 1518 2693 lib.
1540 2659 1576 2693 9.

229 2716 345 2753 Posse
365 2718 452 2754 deos
471 2722 693 2764 memorant,
716 2719 781 2755 sed
799 2730 876 2755 non
895 2724 933 2754 et
950 2719 1126 2757 Bacchus
1140 2721 1181 2756 in
1194 2721 1338 2757 1]113.-
1347 2721 1459 2768 Ovid,
1476 2721 1633 2759 Metam.
1649 2725 1685 2758 4.

231 2783 356 2821 Docta
375 2784 525 2832 quidem
546 2785 671 2831 solvit,
695 2786 760 2822 sed
778 2797 855 2822 non
874 2791 911 2822 et
929 2787 1079 2834 credita,
1101 2788 1361 2825 verbis—Id.
1378 2788 1444 2826 lib.
1469 2789 1630 2827 15.—C.
