1889 3191
567 256 846 295 SALLUSTII
876 252 1144 294 CATILINA.
1527 260 1603 295 107

109 391 214 421 rum
239 373 400 421 eadem
423 373 504 420 illa
538 373 842 429 existumans,
871 391 977 437 quae
1013 374 1157 436 supra
1191 372 1409 430 diximus,
1445 373 1606 421 Catili-

110 477 220 508 nam
243 461 437 524 agitare.
508 461 678 523 Igitur,
705 461 788 508 ubi
810 461 900 508 iter
924 461 1025 524 ejus
1050 477 1107 508 ex
1129 460 1339 524 perfugis
1365 461 1601 523 cognovit,

108 554 260 593 castra
293 549 490 610 propere
526 554 696 602 movet,
736 563 789 594 ac
822 548 908 594 sub
944 546 1062 611 ipsis
1097 547 1333 594 radicibus
1370 547 1605 594 montium

107 632 333 688 consedit,
363 633 453 696 qua
475 633 544 680 illi
568 633 820 680 descensus
845 640 943 680 erat
972 633 1042 695 [in
1067 633 1268 681 Galliam
1293 632 1605 696 properanti]-

108 718 273 781 Neque
298 726 457 765 tamen
474 719 712 766 Antonius
735 719 900 782 procul
918 719 1077 765 aberat
1096 737 1106 765 ε
1134 726 1187 765 ut
1207 725 1315 781 pote
1334 717 1415 781 qui
1432 733 1605 780 magno

108 801 314 849 exercitu
336 802 452 848 locis
477 802 765 865 aequioribus
801 801 1063 865 expeditus,
1092 802 1141 848 in
1175 801 1290 863 fuga
1315 809 1601 864 sequeretur.

108 888 202 936 Sed
225 889 444 945 Catilina,
471 896 723 952 postquam
746 889 873 936 videt
897 889 1137 935 montibus
1162 895 1302 951 atque
1326 888 1472 951 copiis
1496 887 1605 936 hos-

106 975 227 1022 tium
252 992 352 1023 sese
377 976 604 1031 clausum,
630 976 680 1022 in
703 976 818 1022 urbe
841 992 916 1022 res
942 975 1174 1031 adversas,
1200 991 1353 1037 neque
1376 974 1502 1037 fugae
1526 990 1606 1022 ne-

107 1078 196 1124 que
219 1061 429 1125 praesidii
451 1062 595 1108 ullam
632 1077 793 1124 spem;
832 1068 1081 1124 optumum
1115 1061 1244 1107 factu
1267 1067 1412 1116 ratus,
1449 1060 1500 1106 in
1523 1060 1607 1107 tali

107 1163 157 1194 re
192 1147 432 1194 fortunam
467 1147 578 1194 belli
628 1153 825 1202 tentare,
867 1146 1035 1193 statuit
1072 1162 1179 1192 cum
1215 1144 1426 1192 Antonio
1463 1144 1603 1207 quam

105 1234 314 1298 primum
346 1234 611 1297 confligere.
697 1235 880 1297 Itaque,
917 1233 1140 1281 concione
1177 1231 1414 1288 advocata,
1440 1231 1603 1295 hujus—

105 1321 286 1368 cemodi
310 1322 569 1369 orationem
593 1321 774 1368 habuit.

171 1407 363 1454 LVIII.
405 1408 763 1470 “Compertum
800 1424 884 1471 ego
919 1408 1086 1464 habeo,
1114 1407 1302 1464 milites,
1341 1407 1481 1455 verba
1514 1407 1604 1454 vir-

104 1500 255 1540 tutem
280 1510 376 1540 non
411 1493 616 1548 addere3
659 1510 810 1557 neque
846 1511 901 1541 ex
931 1495 1101 1556 ignavo
1138 1493 1416 1550 strenuum,¹
1453 1510 1603 1558 neque

104 1580 277 1626 fortem
313 1596 369 1626 ex
403 1580 571 1626 timido
608 1581 867 1627 exercitum
903 1581 1113 1627 oratione
1147 1580 1445 1643 imperatoris
1482 1581 1600 1628 fieri.

108 1666 299 1722 Quanta
322 1666 548 1729 cujusque
573 1667 730 1714 animo
756 1667 951 1714 audacia
983 1668 1166 1722 natura,
1196 1675 1277 1713 aut
1300 1668 1511 1714 moribus
1535 1668 1604 1714 in-

106 1758 191 1806 est,
219 1758 352 1797 tanta
374 1751 424 1797 in
447 1751 570 1798 bello
593 1758 753 1814 patere
779 1752 913 1798 solet.
936 1769 1075 1815 quem
1099 1769 1250 1815 neque
1269 1752 1429 1815 gloria,
1452 1769 1603 1816 neque

104 1834 312 1897 pericula
335 1834 554 1889 exc-itant,
583 1834 900 1898 nequidquam
924 1835 1110 1881 hortere
1130 1856 1142 1891 3
1179 1835 1322 1881 timor
1356 1835 1501 1882 animi
1525 1853 1603 1882 au-

104 1920 234 1966 ribus
258 1920 435 1967 obficit.
509 1919 602 1966 Sed
626 1936 711 1983 ego
747 1937 845 1977 vos,
873 1922 963 1984 quo
997 1937 1149 1984 pauca
1182 1937 1435 1977 monerem,
1465 1921 1603 1968 advo-

105 2006 204 2052 cavi
225 2025 235 2051 :
276 2005 416 2052 simul
438 2006 511 2053 uti
534 2023 750 2054 caussam
775 2007 958 2054 consilii
993 2007 1238 2070 aperirem.
1309 2007 1449 2054 Scitis
1474 2009 1603 2071 equi-

107 2091 229 2146 dem,
267 2090 456 2147 milites,
506 2091 717 2138 socordia
753 2100 892 2155 atque
931 2093 1119 2156 ignavia
1153 2093 1346 2140 Lentuli
1380 2103 1604 2157 quantam

104 2177 198 2240 ipsi
221 2177 400 2224 cladem
434 2178 665 2242 nobisque
700 2180 943 2235 attulerit3
983 2196 1166 2243 quoque
1201 2180 1358 2236 modO,
1399 2180 1512 2228 dum
1548 2198 1604 2229 ex

111 2263 226 2310 urbe
249 2264 472 2326 praesidia
495 2265 729 2327 opperior,
747 2265 797 2312 in
814 2266 1014 2313 Galliam
1039 2266 1273 2329 proficisci
1300 2267 1604 2329 nequiverim.

103 2350 246 2396 Nunc
269 2350 435 2412 quoin
467 2350 570 2398 loco
593 2368 667 2398 res
702 2358 878 2399 nostrae
904 2352 1014 2408 sint,
1047 2352 1183 2415 juxta
1217 2369 1400 2399 mecum
1436 2370 1600 2401 omnes

105 2434 386 2496 intelligitis.
456 2435 703 2484 Exercitus
727 2438 938 2485 hostium
964 2438 1071 2494 duo,
1099 2454 1222 2484 unus
1247 2439 1305 2484 ab
1330 2439 1460 2494 urbe,
1487 2439 1605 2487 alter

160 2596 308 2634 LVIII.
331 2594 343 2618 ¹
367 2597 502 2644 IVeqne
522 2610 569 2633 ea:
599 2599 736 2644 ignavo
755 2606 961 2646 strenuum,
996 2598 1082 2649 &c.]
1115 2601 1288 2648 Xenoph.
1313 2601 1458 2655 Kueovr.
1479 2604 1544 2642 lib.
1567 2607 1601 2652 3,

105 2675 136 2700 c.
169 2662 231 2708 26,
265 2659 410 2710 οὖδεμια.
440 2660 516 2714 ’γὰρ
546 2661 656 2704 οὓτως
687 2665 795 2701 ἔσται
822 2673 925 2706 καλὴ
956 2681 1172 2718 maneam-5075,
1195 2666 1275 2708 ἥτις
1306 2684 1389 2711 τους
1415 2670 1469 2719 μὴ
1500 2687 1604 2713 οπως

106 2731 267 2779 αγαθους
302 2730 496 2783 αυθημεςόν
533 2748 765 2775 ακουσαντας
801 2736 962 2783 αγαθους
987 2749 1136 2778 ποιησει,
1174 2736 1236 2772 &e.
1272 2743 1309 2773 et
1328 2740 1453 2785 paulo
1480 2740 1604 2789 infra,

109 2799 153 2840 ἔας
173 2800 284 2850 λὸγος
306 2801 417 2853 ῥηθεὶς
438 2801 632 2855 αυθημεξόν
651 2799 767 2844 άιδοῖἰς
786 2803 852 2852 μὲν
872 2804 1066 2853 ἐμπλῆσαι
1087 2820 1155 2846 ταις
1177 2805 1331 2854 ψυχας,
1356 2805 1522 2844 &c.—C.
