1889 3191
207 225 249 257 :31
270 225 282 257 ὲ
591 219 867 258 SALLUSTII
893 219 1307 259 JUGURTHINUM.

273 338 460 385 CXIII.
500 337 620 385 Haec
643 337 842 387 Maurus
865 354 1022 385 secum
1045 338 1145 401 ipse
1168 338 1251 385 diu
1274 338 1474 394 volvenS,
1501 338 1692 386 tandem

207 425 439 487 promisit.
479 427 703 471 caeterum
743 425 864 480 dolo,
892 441 952 471 an
988 427 1111 480 vere,
1152 428 1318 487 parum
1359 425 1690 487 comperimus.

209 510 301 557 Sed
323 509 598 572 plerumque
621 508 761 570 regiae
784 508 1065 564 voluntates,
1089 515 1143 554 ut
1165 508 1479 565 vehementes,
1508 510 1575 557 sic
1595 526 1694 557 mo-

207 595 339 649 biles,
369 609 494 656 saepe
515 593 632 654 ipsae
656 592 746 638 sibi
780 592 1007 638 advorsae.
1078 592 1263 648 Postea,
1292 598 1501 656 tempore
1525 601 1572 642 et
1592 595 1696 642 loco

208 679 464 726 constituto
486 678 557 739 [in
575 677 857 740 colloquium
877 677 947 724 uti
971 677 1028 724 de
1051 693 1166 739 pace
1188 678 1462 740 veniretur}
1479 679 1697 728 Bocchus

210 765 387 812 Sullam
426 763 579 818 modo,
622 763 762 809 modo
798 764 832 810 J
836 762 1055 825 ugurthae
1087 762 1295 825 legatum
1331 762 1580 825 adpellare,
1620 764 1698 811 be-

206 852 345 913 nigne
368 850 554 905 habere,
578 849 702 895 idem
727 849 955 895 ambobus
988 848 1213 910 polliceri.
1285 847 1363 894 Illi
1385 848 1561 911 pariter
1581 849 1696 905 laeti,

208 955 259 983 ac
284 936 384 999 spei
420 936 557 982 bonae
593 934 750 998 pleni.¹
820 933 911 981 Sed
950 940 1087 981 nocte
1111 936 1176 990 ea,
1217 950 1322 997 quae
1358 950 1588 998 proxuma
1607 935 1699 982 fuit

209 1079 396 1125 cowards;
428 1079 519 1115 such
537 1088 633 1114 were
652 1076 756 1113 often
772 1075 843 1113 left
860 1079 899 1112 to
919 1076 982 1112 the
1008 1087 1136 1124 mercy
1155 1076 1197 1112 of
1205 1075 1303 1112 their
1320 1075 1502 1123 enemies;
1530 1077 1601 1113 but
1617 1087 1702 1123 per-

209 1155 294 1180 sons
312 1143 409 1187 who,
431 1142 470 1178 in
503 1142 567 1178 the
596 1140 736 1177 service
765 1140 807 1176 of
821 1139 917 1176 their
945 1144 1117 1187 country,
1137 1139 1214 1175 had
1243 1140 1393 1176 become
1419 1139 1615 1186 prisoners,
1636 1142 1703 1177 not

208 1209 375 1256 through
392 1208 491 1244 their
509 1218 594 1243 own
613 1205 818 1243 cowardice
845 1216 887 1241 or
905 1205 1148 1251 misconduct,
1170 1206 1240 1241 but
1266 1205 1333 1241 the
1359 1205 1556 1252 treachery
1574 1205 1617 1242 of
1638 1205 1703 1243 the

209 1286 353 1322 enemy,
374 1285 471 1311 were
488 1272 686 1310 ransomed
705 1271 757 1319 by
775 1271 881 1307 thern
900 1274 940 1306 at
959 1281 1035 1318 any
1053 1269 1175 1316 price,
1204 1269 1280 1306 and
1308 1269 1384 1306 this
1403 1269 1428 1307 J
1432 1270 1600 1318 ugurtha
1616 1270 1705 1310 well

211 1338 445 1375 knew—M.

268 1404 357 1440 Non
377 1404 445 1439 sud
466 1404 631 1451 iynavz'd,
652 1404 720 1440 sed
737 1405 781 1440 ob
811 1415 927 1450 remp.
948 1402 990 1438 in
1019 1401 1181 1439 hostium
1196 1408 1400 1451 potestate,
1421 1403 1596 1440 relictum
1613 1401 1701 1456 ἑνὶ]

211 1470 296 1505 vid.
319 1468 487 1505 Perizon.
510 1479 558 1504 on
579 1467 720 1514 Sanct.,
742 1469 778 1513 4,
801 1469 836 1513 4,
857 1471 944 1503 note
965 1468 1027 1503 27.
1087 1467 1148 1503 He
1167 1467 1256 1515 says
1284 1468 1313 1504 it
1332 1468 1364 1504 is
1383 1479 1406 1504 a
1432 1467 1549 1515 place,
1570 1468 1611 1504 in
1629 1481 1704 1517 quo

209 1533 363 1569 mirifice
383 1533 559 1569 haesitant
578 1534 810 1579 interpretes.
867 1531 1052 1578 Intellige,
1074 1532 1114 1566 in
1143 1530 1306 1567 hostium
1328 1537 1523 1580 potestate
1550 1530 1648 1583 ὂντα,
1669 1538 1707 1573 et

211 1598 335 1634 confer
353 1609 439 1633 curn
458 1597 633 1643 proximo
652 1597 772 1644 priore
789 1596 895 1640 loco,
927 1594 1027 1644 (scil.
1048 1606 1079 1630 c.
1102 1592 1187 1643 91),
1209 1597 1264 1632 ita
1291 1596 1417 1632 omnia
1443 1602 1554 1635 erunt
1580 1598 1705 1646 plana.

212 1662 382 1698 Kritzius
401 1661 533 1697 thinks
559 1661 624 1697 the
651 1664 823 1697 sentence
843 1659 1102 1701 dvoexoaovdou
1136 1660 1184 1694 he
1203 1659 1272 1695 has
1300 1660 1457 1696 omitted
1488 1666 1528 1698 to
1546 1662 1642 1699 refer
1667 1666 1707 1698 to

212 1728 380 1764 Perizon.
439 1725 458 1761 I
478 1737 537 1762 see
556 1726 718 1773 nothing
736 1726 974 1762 anacoluthic
1002 1726 1041 1761 in
1060 1726 1125 1761 the
1143 1726 1266 1761 words
1285 1724 1326 1760 of
1341 1724 1599 1765 Sallust.—C.

267 1790 416 1829 CXIII.
446 1785 458 1809 ¹
483 1789 571 1836 Spei
591 1790 694 1825 bonae
715 1787 861 1838 pleni]
892 1789 1004 1826 Peter
1023 1788 1226 1834 Victorius,
1247 1788 1287 1824 in
1313 1788 1374 1825 his
1392 1788 1484 1826 Var.
1506 1789 1621 1836 Lect.²
1641 1789 1706 1826 lib.

212 1856 274 1899 26,
296 1866 327 1891 c.
352 1856 412 1900 17,
434 1865 522 1901 says
541 1853 626 1889 that
646 1851 723 1890 Cic.
745 1852 889 1900 always
920 1864 1005 1889 uses
1037 1863 1060 1888 a
1079 1852 1247 1900 genitive
1275 1851 1374 1888 after
1399 1852 1551 1900 plenus,
1572 1857 1710 1900 except

212 1918 329 1963 twice,
351 1918 499 1965 though
518 1916 641 1952 Varro
660 1916 736 1952 and
755 1915 882 1952 Caesar
900 1927 966 1952 use
984 1916 1014 1952 it
1032 1916 1127 1953 with
1142 1916 1206 1952 the
1226 1915 1392 1952 ablative
1408 1929 1417 1961 ;
1446 1927 1539 1953 once
1557 1916 1710 1965 against

213 1981 358 2025 Verres,
383 1982 407 2000 ‘⁴
421 1981 557 2017 Verres
576 1979 806 2016 ornamentis
825 1979 998 2016 fanorum
1018 1984 1133 2027 atque
1160 1979 1383 2026 oppidorum
1401 1979 1539 2016 habeat
1550 1980 1710 2028 plenam

213 2045 404 2083 domum.''
457 2044 628 2093 Apparet
646 2044 756 2089 enim,
779 2055 868 2092 says
894 2044 952 2090 he,
974 2055 1089 2091 quam
1117 2043 1275 2080 molesta
1303 2043 1458 2080 auribus
1484 2054 1624 2090 eorum,
1644 2044 1711 2092 qui

213 2113 386 2150 audirent
402 2112 421 2147 f
422 2117 533 2149 utura
548 2111 663 2148 fuerit
681 2110 901 2158 compositio
918 2110 1130 2156 verborum,
1152 2109 1184 2146 si
1210 2113 1521 2145 ornamentorum
1547 2109 1613 2147 ino
1630 2109 1712 2148 1000

215 2179 385 2223 dixisset,
407 2190 450 2214 ac
469 2177 777 2214 consuetudinem
795 2187 903 2213 suam
920 2176 1144 2220 retinuisset,
1158 2173 1247 2212 cum
1265 2179 1471 2222 sequantur
1488 2176 1620 2213 statim
1636 2177 1712 2214 dno

214 2247 367 2282 nomina
386 2245 515 2282 eodem
533 2248 643 2291 pacto
662 2242 879 2280 desinentia.
938 2241 1012 2280 Sed
1030 2241 1191 2278 alterum
1209 2241 1323 2278 etiam
1338 2241 1379 2277 in
1390 2242 1471 2289 ejus
1490 2242 1638 2289 scriptis
1654 2241 1712 2279 10-

216 2322 300 2346 cum
320 2309 458 2355 inveni,
477 2309 519 2345 in
551 2318 624 2355 quo
643 2305 666 2342 a
685 2306 953 2344 consuetudine
984 2317 1054 2344 sua
1081 2306 1310 2343 discesserit:
1340 2316 1408 2342 nec
1439 2317 1529 2343 sane
1559 2317 1715 2344 causam

216 2374 346 2410 afferre
364 2383 518 2420 possum
536 2376 653 2408 tantae
672 2370 817 2408 consilii
836 2370 1068 2415 mutationis,
1083 2369 1155 2406 nisi
1169 2369 1305 2417 aliquis
1323 2373 1430 2416 putet
1448 2369 1488 2405 id
1505 2374 1640 2406 natum
1665 2370 1716 2407 ab

218 2437 332 2473 animi
350 2436 631 2484 perturbatione
657 2446 811 2483 magna,
833 2446 909 2482 qua
928 2438 1019 2471 tunc
1045 2434 1310 2481 premebatur:
1339 2437 1396 2470 est
1415 2433 1516 2469 enim
1533 2433 1574 2469 in
1591 2433 1656 2471 lib.
1677 2435 1713 2480 3,

218 2502 375 2549 Epistol.
396 2503 443 2538 ad
462 2501 647 2547 Atticum,
669 2512 764 2549 quas
796 2500 944 2547 scripsit
961 2511 1049 2537 cum
1081 2499 1204 2547 patria
1231 2498 1416 2545 expulsus
1442 2499 1562 2545 foret3
1590 2499 1717 2547 inquit

217 2568 314 2604 enim
334 2568 440 2604 initio
459 2568 655 2616 cujusdam
676 2566 864 2614 epistolae:
896 2567 920 2586 “
935 2565 1001 2601 Ex
1027 2566 1104 2602 tuis
1131 2564 1250 2601 literis
1263 2565 1404 2612 plenus
1431 2576 1516 2601 sum
1534 2568 1715 2613 expecta-

217 2634 318 2669 tione
328 2633 373 2669 de
386 2632 598 2680 Pompeio,’'
614 2632 679 2669 &c.
708 2632 794 2668 You
807 2632 906 2668 have
920 2631 1120 2679 forgotten,
1136 2635 1238 2668 most
1250 2630 1402 2667 learned
1415 2630 1617 2678 Victorius
1631 2631 1718 2668 that

217 2709 303 2745 you,
324 2698 498 2746 yourself,
519 2698 618 2734 have
636 2697 751 2745 given
769 2697 927 2734 another
953 2697 1131 2744 example
1148 2696 1191 2733 of
1204 2709 1255 2734 an
1273 2696 1440 2734 ablative
1466 2697 1565 2734 after
1575 2696 1717 2746 plenus

216 2763 256 2798 in
274 2773 371 2809 your
389 2772 474 2798 own
492 2762 585 2798 Var.
607 2762 721 2808 Lect.,
740 2761 805 2798 lib.
828 2763 891 2807 35,
912 2773 944 2798 c.
968 2763 1028 2805 14,
1050 2761 1167 2798 taken
1185 2761 1285 2799 from
1303 2762 1364 2799 his
1381 2762 1499 2808 work,
1516 2763 1562 2799 de
1579 2761 1715 2797 Senec-
