1889 3191
244 222 265 257 2
273 223 290 257 1
297 222 320 258 4
620 223 898 264 SALLUSTII
923 223 1277 265 JUGURTHINU
1284 224 1337 265 M.

242 338 459 386 omnibus
481 338 639 388 labore
661 346 709 389 et
723 349 845 390 aestu
863 341 1113 406 languidis,
1130 342 1354 391 Metellus
1377 343 1458 391 ubi
1479 343 1606 392 videt
1620 341 1723 392 Nu·

240 423 391 471 midas
413 424 569 473 minus
590 425 779 482 instare,
806 427 1049 489 paullatim
1065 428 1238 475 milites
1260 429 1310 475 in
1326 445 1473 476 unum
1489 428 1721 485 conducit,

240 508 425 557 ordines
447 510 666 567 restituit,
694 518 740 558 et
774 511 990 559 cohortes
1022 512 1299 575 legionarias
1332 520 1531 577 quatuor
1564 513 1727 562 advoro

242 610 346 640 sum
369 594 552 657 pedites
574 594 785 642 hostium
810 596 1019 643 collocat.
1055 612 1215 644 eorum
1238 613 1409 660 magna
1446 614 1555 661 pars
1591 615 1725 662 supe-

239 679 439 726 rioribus
461 679 575 726 locis
598 679 720 726 fessa
743 680 1032 728 consederat.
1103 681 1252 728 Simul
1271 698 1413 738 orare,
1440 683 1618 731 hortari
1640 684 1726 731 mi·

239 763 360 818 lites,
405 768 437 788 “
456 764 512 809 ne
553 763 815 820 deficerent,
855 767 948 812 nen
986 772 1261 828 paterentur
1306 766 1458 814 hostis
1491 767 1725 830 fugientes

240 848 451 895 vincere:
490 865 638 912 neque
661 849 755 896 illis
778 856 930 897 castra
964 866 1077 906 esse,
1105 867 1254 914 neque
1287 851 1633 898 munimentum
1656 852 1724 898 ul-

239 932 352 989 lum,
402 935 491 996 quo
537 934 753 982 cedentes
798 935 1071 983 tenderent:
1109 935 1159 982 in
1203 936 1344 982 armis
1389 936 1546 983 omnia
1580 936 1721 984 sita.'’

241 1016 332 1063 Sed
355 1017 416 1064 ne
441 1018 679 1081 ,Iugurtha
702 1019 888 1081 quidem
913 1017 1091 1066 interea
1104 1019 1288 1082 quietus
1305 1039 1317 1075 ;
1345 1019 1600 1075 circumire,
1621 1019 1728 1067 hor-

239 1102 341 1159 tari,
369 1119 588 1150 renovare
610 1103 843 1167 praelium,
871 1110 917 1151 et
940 1105 1042 1167 ipse
1076 1121 1184 1151 cum
1208 1104 1388 1151 dilectis
1412 1111 1593 1153 tentare
1627 1121 1727 1152 om·

238 1188 315 1234 nia
336 1208 348 1243 ;
386 1188 629 1235 subvenire
653 1189 763 1244 suis,
790 1189 1007 1236 hostibus
1031 1189 1186 1236 dubiis
1209 1189 1400 1246 instare,
1427 1206 1544 1253 quos
1567 1191 1728 1237 firmos

237 1281 530 1337 cognoverat,
558 1274 738 1321 eminus
761 1275 1014 1337 pugnando
1035 1276 1251 1323 retinere.

305 1359 418 1406 LII.
455 1359 526 1406 Eo
549 1358 688 1406 modo
722 1359 845 1407 inter
869 1376 917 1408 se
952 1359 1044 1407 duo
1066 1361 1386 1426 imperatores,
1419 1364 1591 1412 summi
1623 1363 1725 1423 viri,

240 1445 479 1494 certabant
500 1465 512 1502 ;
537 1445 629 1509 ipsi
652 1461 802 1509 pares,
829 1453 1050 1494 caeterum
1075 1448 1243 1510 opibus
1267 1448 1546 1511 disparibus.
1602 1450 1728 1497 Nam

241 1533 436 1581 Metello
459 1533 608 1579 virtus
642 1533 847 1579 militum
882 1540 994 1589 erat,
1021 1534 1150 1580 locus
1186 1534 1439 1581 advorsus:
1476 1534 1729 1598 Jugurthae

239 1619 329 1667 alia
353 1619 522 1675 omnia,
549 1624 722 1682 praeter
744 1619 931 1675 milites,
955 1626 1236 1682 opportuna.
1276 1619 1489 1684 Denique
1509 1620 1725 1677 Romani,

240 1705 322 1751 ubi
355 1704 646 1768 intellegunt,
694 1721 844 1767 neque
895 1705 983 1751 sibi
1027 1704 1293 1767 perfugium
1334 1721 1449 1762 esse,
1487 1723 1636 1769 neque
1671 1708 1729 1754 ab

239 1791 376 1836 hoste
400 1790 581 1852 copiam
615 1789 858 1852 pugnandi
891 1790 1024 1845 fieri3
1068 1796 1114 1837 et
1131 1790 1230 1853 jam
1267 1790 1341 1837 die
1374 1806 1539 1854 vesper
1573 1798 1672 1839 erat
1694 1792 1729 1847 ;ι

241 1875 436 1923 advorso
461 1875 590 1931 colle,
619 1875 755 1922 sicuti
778 1883 1067 1939 praeceptum
1084 1876 1247 1932 fuerat,
1275 1876 1492 1924 evadunt.
1538 1878 1729 1925 Amisso

240 1961 354 2016 loco,
383 1961 606 2008 Numidae
629 1961 722 2007 fusi
755 1961 1010 2024 fugatique,
1034 1961 1172 2024 pauci
1204 1962 1420 2009 interiere
1437 1983 1448 2018 ;
1485 1962 1730 2027 plerosque

240 2046 459 2093 velocitas
484 2053 529 2093 et
553 2047 678 2109 regio
714 2047 930 2093 hostibus
964 2047 1126 2109 ignara
1159 2054 1313 2093 tutata
1349 2055 1474 2095 sunt.
1546 2049 1730 2097 Interea

242 2131 489 2188 Bomilcar,
519 2148 656 2195 quem
681 2131 941 2195 elephantis
965 2139 1011 2179 et
1034 2133 1157 2195 parti
1180 2133 1418 2195 copiarum
1441 2133 1730 2196 pedestrium

240 2216 515 2280 praefectum
540 2217 597 2264 ab
623 2218 654 2264 J
657 2217 861 2280 ugurtha
885 2220 1026 2278 supra
1049 2217 1265 2273 diximus,
1289 2217 1367 2266 ubi
1392 2235 1498 2266 eum
1523 2219 1731 2267 Rutilius

241 2311 600 2365 praetergressus
625 2310 710 2358 est,
736 2303 981 2365 paullatim
999 2319 1106 2349 suos
1130 2303 1178 2348 in
1204 2319 1392 2366 aequum
1407 2303 1560 2350 Iocum
1586 2304 1731 2351 dedu-

242 2388 303 2434 cit
327 2408 335 2434 :
364 2404 429 2443 ac,
456 2387 567 2434 dum
591 2388 774 2451 legatus
795 2388 855 2435 ad
878 2389 1067 2444 fiumen,
1091 2390 1180 2451 quo
1205 2389 1477 2451 praemissus
1502 2396 1615 2445 erat,
1639 2405 1730 2437 ses-

297 2561 381 2596 LII.
413 2559 423 2581 ¹
446 2561 533 2597 Jam
555 2561 616 2596 die
637 2574 766 2609 vesper
785 2559 904 2611 ema]
937 2561 1071 2609 Dictys
1091 2561 1288 2606 Cretensis,
1319 2573 1342 2597 a
1369 2566 1475 2608 great
1501 2562 1670 2600 imitator
1695 2564 1737 2599 of

242 2635 309 2659 our
328 2626 471 2670 author,
493 2626 556 2661 lib.
581 2627 616 2669 3,
638 2637 669 2661 c.
695 2627 729 2670 8,
753 2626 837 2662 Diei
855 2637 987 2672 vesper
1006 2631 1096 2662 erat.
1154 2625 1173 2662 I
1192 2625 1304 2661 think
1324 2625 1465 2662 Sallust
1492 2626 1561 2663 has
1589 2626 1732 2675 always

243 2688 333 2723 used
352 2688 413 2723 die
431 2689 487 2724 for
506 2690 599 2733 diei3
632 2691 706 2726 and
725 2691 809 2726 that
827 2691 950 2727 where
970 2691 1047 2726 diei
1065 2691 1097 2727 is
1115 2691 1154 2727 in
1173 2691 1237 2727 the
1256 2696 1351 2737 text,
1373 2691 1403 2728 it
1431 2691 1564 2728 should
1592 2692 1636 2728 be
1655 2691 1726 2727 die.

244 2752 340 2790 —C,
