1889 3191
491 215 771 254 SALLUSTII
798 217 824 253 J
828 216 1218 255 UGURTHINUM.
1531 220 1550 253 ‘2
1559 223 1580 254 υ
1587 220 1609 253 9

105 348 163 378 ne
187 333 428 394 pauciores
451 348 559 379 cum
587 333 817 395 pluribus,
846 341 929 381 aut
951 333 1092 380 rudes
1116 350 1224 381 cum
1261 334 1382 381 bello
1407 335 1611 381 meliori·

99 417 187 464 bus
211 434 403 465 manum
421 426 746 466 consererent:
768 419 966 482 proinde
979 420 1132 482 parati
1149 419 1413 483 intentique
1433 429 1605 475 essent,

103 503 238 564 signo
262 503 388 559 dato,
419 504 661 552 Romanos
684 505 932 554 invadere:
960 505 1094 553 illum
1120 505 1246 552 diem
1271 513 1352 551 aut
1376 506 1530 552 omnis
1547 505 1610 550 la-

101 587 236 634 bores
261 596 307 635 et
331 588 549 636 victorias
566 591 968 646 confirmaturum,
991 599 1073 638 aut
1087 606 1416 637 maxumarum
1436 607 1607 637 aerum·

102 689 267 719 narum
292 673 482 721 initium
505 674 658 722 fore.”
729 676 808 723 Ad
832 677 924 724 hoc
947 675 1138 732 viritim,
1164 675 1236 722 uti
1273 692 1518 738 quemque,
1548 676 1606 721 ob

102 758 304 806 militare
328 759 528 816 facinus,
554 762 754 825 pecunia
768 769 850 809 aut
873 762 1052 809 honore
1073 761 1318 817 extulerat,
1342 778 1609 807 commone-

103 846 254 893 facere
277 847 492 895 beneficii
517 849 603 906 sui,
633 858 679 897 et
714 867 822 898 eum
858 851 1017 913 ipsum
1053 849 1157 896 aliis
1194 857 1461 903 ostentare3
1502 866 1613 911 pos-

105 935 268 988 tremo,
296 950 383 996 pro
407 935 634 999 cujusque
670 936 872 998 ingenio,
902 934 1183 998 poUicendo,
1223 934 1500 989 minitandO,
1530 935 1612 981 ob·

105 1018 337 1075 testando,
367 1020 510 1068 alium
535 1021 626 1068 alio
650 1021 792 1068 modo
816 1021 1047 1069 excitare:
1087 1023 1193 1067 cnm
1230 1021 1419 1067 interim
1445 1020 1616 1067 Metel-

105 1103 193 1158 lus,
239 1103 431 1166 ignarus
472 1107 699 1163 hostium,
743 1115 905 1155 monte
947 1106 1225 1169 degrediens
1261 1123 1368 1154 cum
1410 1108 1615 1153 exercitu

105 1191 405 1254 conspicatur
421 1193 456 1248 3⁴
478 1193 631 1256 primo
657 1193 844 1251 dubius,
873 1193 1099 1256 quidnam
1135 1192 1325 1239 insolita
1363 1192 1504 1239 facies
1541 1209 1614 1238 os-

106 1277 333 1332 tenderet,
363 1278 500 1341 (nam
524 1279 648 1327 inter
671 1279 876 1342 virgulta
900 1279 1007 1342 equi
1032 1278 1370 1341 Numidaeque⁵
1397 1279 1616 1325 consede-

106 1370 226 1417 rant,
255 1379 404 1427 neque
428 1364 565 1427 plane
590 1366 813 1413 occultati
837 1366 1107 1412 humilitate
1127 1365 1363 1421 arborum,
1386 1373 1432 1411 et
1457 1373 1616 1411 tamen

109 1448 290 1504 incerti,
323 1450 548 1512 quidnam
573 1462 696 1500 esset
715 1452 749 1508 3⁶
774 1455 882 1499 esim
918 1452 1087 1499 natura
1109 1451 1212 1506 loci,
1242 1460 1342 1497 tum
1383 1450 1489 1497 dolo
1524 1451 1618 1512 ipsi

110 1542 250 1597 atque
277 1535 410 1598 signa
435 1537 656 1584 militaria
679 1537 981 1596 obscurati),⁷
1008 1536 1132 1592 dein,
1161 1537 1289 1583 brevi
1324 1537 1526 1599 cognitis
1551 1538 1621 1582 in-

111 1667 349 1713 mittendum,
373 1674 410 1704 et
428 1669 612 1716 imperitis
641 1675 771 1707 contra
800 1671 936 1718 quibus
964 1669 1139 1717 praelium
1166 1673 1247 1706 erat
1275 1679 1317 1704 eo
1340 1668 1421 1705 loco
1449 1669 1622 1715 inopina-

111 1732 320 1768 tum-M.

166 1794 181 1816 ⁴
202 1796 338 1834 Monte
357 1799 591 1846 deyredz'ens,
613 1812 696 1836 cum
717 1801 873 1836 ezer-cit.
895 1795 1179 1847 conspicatum]
1210 1796 1424 1845 Conspicor
1442 1798 1474 1834 is
1494 1799 1581 1834 here
1602 1810 1624 1832 a

113 1863 302 1909 deponent
334 1864 437 1907 verb,
473 1864 548 1899 and
580 1875 643 1900 eos
671 1865 787 1901 taken
815 1869 883 1900 out
914 1863 956 1900 of
980 1862 1144 1899 hostium
1172 1862 1205 1898 is
1232 1862 1472 1899 understood.
1533 1862 1626 1898 This

114 1929 356 1965 emendation
384 1929 416 1966 is
435 1930 508 1966 due
536 1934 575 1966 to
593 1931 659 1967 the
688 1931 886 1978 authority
914 1931 956 1966 of
971 1930 1158 1974 Donatus,
1190 1939 1241 1965 on
1261 1928 1346 1966 Ter.
1371 1929 1470 1965 Eun.
1496 1931 1555 1972 11.ι
1590 1930 1624 1971 3,

115 1993 190 2039 933
222 1992 345 2029 Kritz.
404 1992 424 2029 I
443 1993 614 2031 consider
631 1995 663 2031 it
681 2006 705 2030 a
723 2000 824 2031 most
842 1994 1031 2031 excellent
1051 1993 1314 2036 emendation3
1345 2004 1386 2028 as
1406 1993 1568 2040 nothing
1587 1992 1627 2027 in

115 2058 180 2094 the
199 2062 296 2104 text,
318 2070 360 2094 or
378 2059 485 2095 what
517 2060 691 2106 precedes
722 2059 764 2104 it,
786 2070 921 2105 proves
954 2060 1040 2095 that
1059 2056 1236 2094 Metellus
1255 2068 1333 2092 was
1362 2067 1449 2092 seen
1478 2057 1530 2103 by
1559 2057 1626 2092 the

114 2132 247 2169 enemy
266 2137 274 2168 ;
305 2123 375 2159 but
392 2124 509 2160 much
526 2124 636 2160 tends
655 2128 694 2160 to
712 2135 829 2170 prove
848 2125 935 2160 that
954 2124 1001 2159 he
1021 2134 1099 2159 saw
1119 2123 1183 2158 the
1212 2120 1461 2168 enemy.—C.

166 2185 182 2207 ⁵
201 2186 309 2235 Equi
333 2185 607 2237 Numidoeque]
630 2187 665 2223 h.
688 2201 719 2224 e.
741 2189 885 2236 equites
904 2188 1121 2235 peditesque
1140 2186 1332 2222 Numidae.
1409 2184 1471 2223 Sic
1491 2185 1621 2232 saepis-

117 2247 212 2288 sime
231 2252 319 2299 equi
337 2252 493 2299 virique,
520 2258 566 2288 ut
583 2254 655 2289 hoc
674 2253 826 2300 pedites,
847 2253 943 2289 illud
961 2253 1104 2300 equites
1125 2252 1285 2287 denotet.
1346 2249 1444 2286 Flor.
1468 2248 1522 2285 ΙΙ.
1544 2261 1625 2295 cap.

119 2315 154 2362 7,
177 2316 320 2355 Consul
340 2329 363 2354 a
381 2317 490 2354 terris
509 2319 636 2354 omnia
654 2318 762 2365 equis
780 2318 948 2365 virisque
967 2316 1287 2364 quatiebat.-M.

171 2379 187 2400 ⁶
209 2381 364 2428 Incerti,
386 2383 572 2431 quidnam
591 2382 721 2433 esset]
744 2384 885 2420 Incerti
912 2379 1061 2431 proprie
1090 2381 1217 2429 posuit
1245 2392 1311 2427 pro
1339 2380 1396 2424 iis,
1427 2380 1494 2426 qui
1522 2380 1627 2415 haud

115 2445 220 2486 certo
241 2455 530 2496 cognoscuntur,
553 2448 703 2497 proprie
725 2451 892 2498 inquam,
915 2456 953 2486 et
981 2445 1191 2496 eleganter.
1253 2447 1322 2482 Est
1351 2447 1452 2482 enim
1471 2457 1494 2481 a
1514 2448 1629 2482 verbo

118 2524 239 2559 cerno,
270 2514 512 2561 participium
540 2516 734 2561 passivum
763 2522 898 2561 certus,
928 2516 971 2559 is,
1003 2516 1067 2562 qui
1101 2510 1203 2550 certo
1236 2513 1410 2561 cognitus
1441 2520 1509 2549 est.
1571 2514 1632 2549 δίο

119 2578 270 2628 proprie
305 2582 449 2618 amicus
481 2587 616 2627 certus,
651 2583 700 2619 ab
728 2583 1012 2630 antiquissimis,
1043 2593 1111 2628 pro
1139 2585 1319 2627 spectato,
1350 2577 1450 2616 certe
1480 2579 1633 2626 cognito

122 2645 400 2692 ponitur.—-M.

175 2706 189 2728 ⁷
210 2711 329 2758 Siyna
358 2710 549 2746 militaria
579 2710 808 2761 obscurati]
842 2712 910 2750 See
930 2712 1101 2749 Perizon.
1123 2722 1171 2747 on
1194 2711 1323 2749 Sanct.
1346 2713 1382 2757 4,
1406 2713 1441 2755 ὅ,
1464 2722 1499 2757 p.
1526 2713 1626 2754 712ς

120 2776 196 2812 and
215 2776 344 2814 Sanet.
365 2776 470 2813 there
489 2787 538 2813 on
558 2776 844 2825 Zeugma.—C.

1338 2846 1420 2885 ΤΖ
