1889 3191
250 222 323 257 142
621 220 899 261 SALLUSTII
926 224 951 262 J
955 223 1338 262 UGURTHINUM.

247 337 328 383 ubi
358 339 471 385 satis
495 339 750 396 confidunt,
777 339 851 387 die
884 342 1157 396 constituto,
1196 348 1385 388 senatus
1418 339 1628 402 utrisque
1651 338 1729 385 da-

247 428 341 468 tur.
410 423 532 469 Tum
556 424 872 472 Adherbalem
894 425 984 472 hoc
1006 425 1147 472 modo
1168 425 1378 472 locutum
1401 425 1678 488 accepimus.

314 508 452 555 XIV.
491 515 522 534 “
542 509 703 556 Patres
738 510 1023 572 conscripti:
1068 511 1271 572 Micipsa
1298 517 1432 573 pater
1466 527 1599 557 meus
1633 526 1731 556 mo·

246 593 370 639 riens
395 595 631 656 praecepit,
659 594 727 640 uti
761 595 891 656 regni
929 595 1170 641 Numidiae
1203 596 1528 642 tantummodo
1565 611 1729 658 procu-

248 679 476 725 rationem
501 679 831 725 existumarem
854 695 1007 725 meam
1030 699 1042 733 ;
1074 678 1295 726 caeterum
1314 680 1393 742 jus
1416 688 1464 726 et
1485 681 1732 742 imperium

251 779 391 825 penes
427 780 508 809 vos
544 780 671 810 esse:
712 764 851 810 simu]
871 764 1083 820 eniterer,
1111 765 1238 812 domi
1272 765 1557 827 militiaeque,
1596 769 1734 828 quam

251 865 470 895 maxumo
494 849 601 896 usui
619 865 719 896 esse
734 850 908 912 populo
927 851 1158 897 Romano.
1177 866 1260 897 vos
1278 850 1395 896 mihi
1413 857 1730 911 cognatorum,

249 949 330 980 vos
368 934 592 980 adfinium
636 934 738 982 loco
779 935 1023 982 ducerem:
1063 935 1103 981 si
1139 951 1192 982 ea
1231 935 1460 990 fecissem,
1497 935 1548 980 in
1581 935 1734 981 vestra

252 1020 457 1066 amicitia
498 1020 767 1075 exercitum,
806 1020 1004 1076 divitias,
1043 1021 1336 1067 munimenta
1364 1020 1509 1082 regni,
1548 1019 1734 1066 habere.

255 1106 375 1159 Quae
399 1109 504 1151 cum
535 1105 791 1168 [praecepta
818 1106 1025 1168 parentis
1047 1106 1160 1167 mei]
1187 1106 1412 1168 agitarem
1434 1127 1445 1161 ;
1485 1104 1734 1168 Jugurtha,

255 1191 398 1238 homo
421 1192 646 1247 omnium,
674 1207 790 1255 quos
814 1198 938 1238 terra
962 1192 1175 1247 sustinet,
1196 1191 1609 1246 sceleratissumus,
1630 1207 1736 1237 con-

256 1283 438 1339 tempto
460 1277 656 1339 imperio
680 1284 851 1333 vestr0,
892 1276 1163 1324 Masinissae
1187 1293 1262 1325 me
1296 1284 1528 1340 nepotem,
1568 1284 1614 1323 et
1641 1276 1740 1339 jam

258 1361 316 1407 ab
339 1361 483 1423 stirpe
508 1361 686 1408 socium
711 1370 757 1407 et
791 1362 994 1408 amicum
1028 1361 1203 1423 populo
1229 1361 1456 1416 Romano,
1485 1376 1628 1422 regno
1650 1360 1742 1406 for-

257 1445 477 1507 tunisque
506 1445 725 1491 omnibus
750 1445 946 1507 expulit.
994 1446 1152 1508 Atque
1169 1462 1269 1507 ego,
1290 1446 1453 1492 Patres
1472 1446 1739 1508 conscripti,

260 1526 477 1589 quoniam
501 1529 553 1573 eo
576 1526 871 1573 miseriarum
893 1534 1121 1575 venturus
1146 1544 1286 1584 eram,
1313 1529 1491 1584 vellem,
1513 1529 1670 1591 potius
1685 1530 1745 1577 ob

260 1627 376 1667 mea,
416 1612 553 1674 quam
598 1612 657 1658 ob
704 1612 935 1675 majorum
970 1612 1195 1660 beneficia
1233 1629 1371 1676 posse
1410 1613 1635 1660 auxilium
1668 1629 1746 1676 pe-

260 1704 388 1752 tere3
426 1713 479 1744 ac
518 1697 752 1753 maxume,
783 1697 940 1744 deberi
975 1698 1093 1744 mihi
1127 1701 1153 1744 a
1183 1698 1358 1761 populo
1382 1699 1610 1753 RomanO,
1649 1699 1748 1762 qui-

260 1782 349 1828 bus
389 1798 484 1828 non
523 1797 735 1845 egerem3
775 1782 1043 1838 secundum,
1088 1799 1141 1829 ea
1177 1784 1216 1829 si
1261 1783 1565 1831 desideranda
1598 1790 1745 1838 erant,

262 1867 332 1913 uti
357 1867 526 1914 debitis
549 1876 716 1915 uterer.
787 1868 878 1915 Sed
902 1869 1118 1931 quoniam
1156 1873 1318 1931 parum
1355 1877 1458 1915 tuta
1479 1885 1563 1929 per
1598 1869 1750 1930 seipsa

266 1951 489 2013 probitas,
532 1969 680 2014 neque
729 1953 848 1999 mihi
882 1953 931 1998 in
970 1970 1114 2000 manu
1158 1953 1280 2009 fuit,l
1317 1954 1558 2016 Jugurtha
1599 1954 1748 2016 qualis

270 2038 422 2092 foret;
464 2038 524 2085 ad
557 2055 639 2086 vos
676 2039 876 2102 confugi,
905 2039 1068 2086 Patres
1102 2040 1366 2102 conscripti,
1406 2040 1589 2103 quibuS,
1626 2038 1752 2102 quod

266 2123 384 2169 mihi
408 2124 738 2171 miserrumum
764 2132 848 2180 est,
868 2141 1007 2187 cogor
1023 2126 1152 2187 prius
1181 2127 1322 2182 oneri,
1341 2127 1478 2190 quam
1500 2128 1607 2173 usui
1631 2143 1746 2174 esse.

270 2209 441 2256 Caeteri
477 2226 623 2272 reges,
664 2217 745 2257 aut
784 2210 906 2257 bello
945 2210 1069 2266 victi,
1096 2211 1144 2256 in
1179 2211 1432 2258 amicitiam
1456 2227 1484 2257 a
1515 2212 1647 2258 vobis
1682 2229 1750 2259 re-

269 2295 404 2357 cepti,
434 2302 514 2341 aut
535 2295 585 2341 in
609 2295 705 2342 suis
730 2295 884 2342 dubiis
908 2296 1045 2342 rebus
1065 2295 1332 2342 societatem
1356 2303 1557 2343 vestram
1576 2296 1752 2360 adpeti-

269 2390 466 2428 verunt:
503 2382 680 2429 familia
702 2389 863 2429 nostra
887 2400 993 2431 cum
1027 2383 1202 2446 populo
1238 2384 1451 2430 Romano
1484 2384 1607 2431 bello
1643 2384 1754 2432 Car·

325 2541 434 2578 XIV.
466 2539 477 2562 ¹
504 2540 635 2588 Neque
656 2541 747 2577 mihi
766 2541 807 2577 in
827 2553 942 2577 manu
955 2540 1074 2591 fuit.]
1108 2542 1152 2578 In
1171 2546 1353 2589 potestate
1380 2553 1455 2578 non
1480 2543 1564 2588 fuit,
1585 2541 1621 2578 Ιι.
1643 2554 1672 2579 e.
1693 2553 1756 2589 per

272 2616 332 2640 me
351 2616 424 2640 non
445 2605 557 2650 stetit,
579 2604 700 2652 qualis
714 2604 908 2653 Jugurtha
926 2609 1023 2642 esset
1039 2620 1048 2650 ς
1067 2616 1139 2641 non
1154 2605 1258 2652 potui
1274 2605 1380 2642 illum
1393 2605 1442 2642 ad
1459 2605 1755 2642 observationem

271 2667 364 2714 justi
385 2672 420 2702 et
441 2667 537 2713 aequi
555 2669 594 2703 vi
615 2666 886 2714 adigere—M.
