1889 3191
284 237 356 272 180
654 237 931 276 SALLUSTII
957 238 981 274 J
987 238 1370 276 UGURTHINUM.

277 351 488 399 nimento
511 353 702 401 habent.
773 355 848 400 Ita
871 357 1009 417 quam
1033 355 1227 416 quisque
1260 357 1479 416 pessume
1513 353 1637 408 fecit,
1663 359 1763 399 tam

278 441 498 484 maxume
520 443 652 485 tutus
676 444 763 484 est.
778 445 958 484 metum
981 454 1009 484 a
1032 437 1200 485 scelere
1225 453 1309 484 suo
1325 437 1385 484 ad
1405 436 1639 500 ignaviam
1661 451 1762 483 ves-

271 527 393 568 tram
430 522 708 569 transtulere
730 523 763 568 :3
803 538 919 584 quos
960 538 1121 568 omnes
1153 521 1315 568 eadem
1358 521 1564 584 cupere‚⁴
1597 520 1758 568 eadem

271 605 438 661 odisse,
466 605 628 653 eadem
662 612 884 661 metuere,
911 607 961 652 in
994 622 1140 652 unum
1176 604 1344 667 coegit.
1382 606 1465 653 sed
1497 606 1601 652 haec
1636 605 1758 651 inter

269 690 417 736 bonos
440 689 644 736 amicitia
666 696 751 744 est,
770 690 892 736 inter
910 689 1058 735 malos
1080 689 1235 735 factio.
1284 689 1422 743 Quod
1444 689 1483 735 si
1505 695 1603 735 tam
1620 689 1758 735 liber-

270 778 381 823 tatis
405 792 564 823 curam
587 775 835 830 haberetis,
863 778 1001 838 quam
1020 774 1089 820 illi
1113 774 1172 820 ad
1191 773 1558 820 dominationem
1577 773 1758 820 accensi

270 867 380 906 sunt
402 879 413 913 ;
455 859 665 921 profecto
686 875 836 921 neque
870 858 1152 920 respublica,
1178 857 1316 904 sicuti
1339 873 1464 904 nunc
1498 863 1582 911 est,
1607 865 1759 903 vasta-

267 951 395 992 retur
419 964 430 998 ;
476 952 522 992 et
545 944 767 991 beneficia
789 950 942 990 vestra
977 960 1120 1006 penes
1155 951 1390 1006 optumos,
1418 959 1513 989 non
1547 942 1757 989 audacis-

268 1046 441 1084 sumos,
468 1029 637 1076 forent.
726 1029 933 1091 Majores
956 1028 1111 1083 vestri,
1152 1027 1347 1091 parandi
1364 1027 1486 1089 juris
1511 1034 1557 1074 et
1591 1026 1757 1090 majes-

267 1115 378 1160 tatis
402 1113 743 1161 constituendae
777 1114 941 1176 gratia,
985 1114 1072 1168 bis,
1110 1130 1194 1175 per
1229 1113 1549 1167 secessionem,
1588 1114 1754 1159 armati

267 1200 558 1246 Aventinum
583 1215 864 1261 occupavere
886 1217 896 1244 ε
922 1215 1004 1245 vos
1039 1215 1124 1260 pro
1147 1199 1378 1253 libertate,
1416 1213 1556 1260 quam
1580 1198 1638 1244 ab
1660 1197 1753 1245 illis

267 1284 527 1345 accepistis,
553 1299 649 1329 non
673 1286 855 1329 summa
878 1299 964 1345 ope
988 1282 1235 1329 nitemini?
1272 1291 1408 1345 atque
1433 1285 1486 1331 eo
1508 1284 1752 1331 vehemen-

265 1371 372 1425 tius,
401 1369 524 1432 quod
548 1369 698 1431 majus
723 1369 922 1415 dedecus
957 1376 1041 1422 est,
1069 1376 1204 1430 parta
1237 1369 1464 1423 amittere,
1493 1371 1629 1431 quam
1654 1385 1751 1415 om-

264 1458 374 1503 nino
398 1473 491 1502 non
515 1456 766 1518 paravisse.
834 1455 971 1501 Dicet
1005 1454 1186 1516 aliquis,
1217 1454 1344 1510 Quid
1377 1454 1521 1517 igitur
1555 1453 1750 1500 censes?

263 1543 590 1589 vindicandum
615 1543 663 1588 in
697 1558 789 1596 eos,
818 1542 896 1604 qui
932 1541 1059 1587 hosti
1097 1539 1342 1603 prodidere
1379 1540 1744 1602 rempublicam:

263 1644 354 1674 non
380 1644 536 1682 manu,
565 1642 712 1689 neque
736 1626 793 1681 vi,
822 1625 948 1688 quod
988 1626 1136 1687 magis
1171 1641 1252 1671 vos
1288 1625 1465 1680 fecisse,
1492 1628 1630 1687 quam
1656 1625 1749 1671 illis

261 1711 481 1758 accidisse
503 1711 748 1772 indignum
777 1730 788 1763 ;
831 1713 988 1756 verum
1025 1701 1364 1772 quaestionibus
1397 1716 1445 1756 et
1480 1709 1653 1756 indicio
1676 1710 1748 1772 ip-

261 1797 358 1842 sius
383 1795 651 1858 Jugurthae,
678 1796 758 1856 qui
782 1795 820 1840 si
857 1794 1103 1840 dediticius
1139 1801 1222 1848 est,
1249 1794 1457 1856 profecto
1473 1794 1622 1856 jussis
1648 1811 1748 1840 ves-

261 1881 346 1927 tris
371 1879 592 1926 obediens
616 1879 703 1925 erit
721 1878 756 1932 ;⁵
783 1878 855 1924 sin
879 1891 931 1924 ea
954 1879 1224 1933 contemnit,
1251 1878 1424 1924 scilicet
1447 1878 1745 1924 existumabi-

311 2030 326 2052 ³
345 2029 412 2066 Ad
426 2030 620 2078 iynaviam
640 2035 803 2066 vestram
823 2028 1086 2079 transtulere]
1110 2029 1316 2067 Sceleribus
1335 2029 1500 2076 alioquin
1519 2033 1641 2065 metus
1655 2040 1744 2065 con-

254 2096 409 2141 junctus
429 2097 484 2131 est
499 2108 508 2139 ;
538 2094 602 2130 sed
619 2093 675 2129 illi
693 2092 860 2129 homines
879 2093 1052 2129 desinunt
1071 2093 1210 2137 timere,
1231 2096 1430 2139 postquam
1448 2091 1585 2128 scelera
1599 2091 1744 2128 sceleri-

258 2160 327 2195 bus
346 2159 524 2204 addendo,
546 2169 630 2205 quae
649 2168 716 2193 vos
734 2168 799 2204 per
825 2156 1019 2204 ignaviam
1050 2168 1126 2192 non
1151 2157 1360 2202 vindicatis,
1381 2157 1488 2192 vobis
1518 2155 1744 2192 formidolosi

257 2225 346 2260 facti
365 2221 574 2260 sunt—M.

308 2284 323 2307 ⁴
349 2285 451 2328 Quos
470 2298 596 2322 omnes
615 2286 745 2322 eadem
765 2297 909 2332 cupere,
930 2282 1020 2333 &c.]
1058 2286 1079 2304 “
1093 2285 1310 2321 Relativum
1343 2284 1489 2332 aliaque
1520 2284 1741 2331 pronomina

255 2365 330 2391 non
350 2353 398 2389 ad
414 2362 551 2389 nomen
568 2350 821 2397 propinquius,
843 2351 906 2386 sed
933 2350 1121 2386 interdum
1140 2350 1254 2386 etiam
1282 2350 1329 2385 ad
1357 2349 1545 2394 remotius,
1575 2348 1741 2385 referun-

254 2424 326 2464 tur,
347 2422 391 2454 ut
407 2418 468 2453 hic
487 2421 524 2452 et
543 2415 641 2452 Flor.
665 2415 690 2451 l.
712 2416 746 2461 3,
768 2426 798 2451 c.
821 2415 857 2451 5.
914 2414 1110 2450 Fiduciam
1137 2414 1296 2451 nuncius
1324 2414 1426 2460 fecit,
1445 2414 1580 2451 docens
1599 2413 1741 2450 adven·

253 2486 332 2519 tare
352 2480 561 2522 Lucullum,
583 2479 649 2526 qui
668 2490 732 2525 per
750 2478 891 2514 medias
909 2478 1073 2514 hostium
1092 2489 1208 2514 naves
1227 2478 1430 2515 evaserat.”
1484 2477 1576 2514 This
1593 2477 1625 2514 is
1642 2477 1739 2513 from

253 2558 321 2584 one
353 2547 394 2582 of
421 2545 548 2592 Livy’s
580 2548 878 2589 commentators,
909 2542 974 2580 lib.
1009 2545 1045 2590 4,
1066 2555 1098 2580 c.
1134 2544 1195 2589 58,
1226 2548 1266 2580 at
1297 2544 1361 2580 the
1379 2544 1511 2589 words,
1533 2542 1618 2588 Qui,
1648 2542 1738 2590 quia

254 2621 403 2646 summa
421 2609 471 2653 vi,
496 2607 659 2644 &c.-C.

305 2673 320 2694 ⁸
339 2674 463 2709 Jussis
481 2672 615 2708 vestris
635 2671 809 2707 obediens
828 2671 910 2716 erit,
935 2668 1020 2719 &c.]
1053 2671 1220 2708 Perizon.
1242 2682 1291 2708 on
1310 2671 1435 2709 Sanct.
1458 2671 1493 2716 3,
1513 2672 1572 2716 10,
1588 2682 1625 2717 p.
1642 2671 1730 2714 465,

250 2743 319 2777 has
337 2736 522 2786 produced
540 2736 616 2771 this
636 2741 806 2772 sentence
820 2735 861 2771 of
876 2735 1028 2781 Sallust,
1042 2736 1165 2772 where
1180 2735 1306 2773 Sanct.
1323 2735 1505 2783 speaking
1518 2735 1560 2770 of
1569 2735 1633 2771 the
1646 2746 1734 2781 par-
