1889 3191
204 238 227 274 8
657 237 935 276 SALLUSTII
964 238 1231 278 CATILINA.

200 359 283 401 aut
303 354 418 402 artis
441 354 579 401 bonae
611 354 785 402 famam
810 355 1018 418 quaerit.'⁷
1088 356 1180 404 Sed
1201 356 1251 403 in
1273 373 1445 420 magna
1467 355 1599 420 copia
1621 373 1691 404 re-

200 456 305 486 rum
330 439 457 486 aliud
479 439 559 486 alii
580 446 749 486 natura
770 440 858 486 iter
876 441 1099 488 ostendit.

266 524 366 571 III.
404 523 661 570 Pulchrum
686 531 758 570 est
779 524 898 571 bene
915 525 1065 572 facere
1081 525 1350 588 reipublicae
1372 547 1384 581 ;
1411 527 1553 574 etiam
1570 527 1687 574 bene

201 608 367 664 dicere,
405 608 534 655 haud
569 608 824 655 absurdum
858 616 957 656 est:
995 610 1068 656 vel
1102 627 1216 673 pace
1248 612 1321 658 vel
1355 611 1476 658 bello
1511 611 1688 658 clarum

200 694 301 741 fieri
322 694 462 741 lieet:
501 700 547 741 et
581 694 662 757 qui
695 694 878 749 fecere,l
903 701 949 740 et
984 694 1064 755 qui
1099 695 1223 741 facta
1240 696 1437 742 aliorum
1462 696 1689 759 scripsere

255 868 268 888 '¹
288 868 399 904 Artis
418 869 521 904 bonoe
533 868 687 916 famam
707 866 878 917 qaaerit]
910 867 929 904 I
949 867 1061 904 think
1088 868 1118 904 it
1136 870 1257 905 worth
1277 868 1387 905 while
1414 874 1454 906 to
1485 870 1690 907 transcribe

200 934 287 970 here
305 934 370 969 the
395 932 581 968 excellent
612 937 700 968 note
731 932 774 968 of
787 933 851 968 the
881 933 1158 978 incomparable
1179 933 1363 979 Graevius,
1385 934 1424 969 in
1456 933 1516 970 his
1535 933 1690 971 Lection

202 997 354 1034 Heriod.
376 1009 406 1033 e.
429 997 463 1042 9,
485 1008 521 1043 p.
543 997 579 1042 4,
601 1008 649 1032 on
668 1008 690 1033 a
710 1001 861 1044 strange
880 997 1113 1043 acceptation
1129 998 1214 1034 that
1227 1010 1352 1045 quaero
1368 998 1581 1035 sometimes
1605 999 1688 1036 has.

202 1062 275 1099 His
293 1063 415 1098 words
433 1073 496 1098 are
523 1061 627 1098 these
643 1061 816 1099 z-Sicut
841 1067 966 1098 autem
989 1061 1091 1101 ‹rm-ii
1111 1060 1257 1109 proprie
1287 1066 1344 1098 est
1362 1074 1497 1110 quaero,
1518 1062 1691 1110 deinceps

201 1138 318 1172 careo,
339 1126 530 1171 destituor,
552 1126 603 1162 sic
622 1131 658 1162 et
678 1126 821 1162 Latinis
840 1128 959 1174 quaeri
977 1133 1033 1164 est
1052 1128 1188 1172 abesse,
1211 1126 1420 1163 desiderari.
1470 1126 1596 1164 Senec.
1617 1127 1688 1175 Ep.

204 1194 266 1238 91,
298 1192 527 1240 Lugdunum
564 1191 662 1238 quod
694 1192 957 1228 ostendebatur
989 1193 1027 1228 in
1057 1192 1182 1230 Gallia
1219 1192 1407 1239 quaeritur.
1465 1191 1614 1228 Petron.
1645 1192 1690 1227 de

205 1256 399 1301 Euruchis,
429 1254 574 1297 Quoerit
592 1269 630 1291 se
650 1261 791 1290 natura
812 1268 879 1291 nec
898 1257 1052 1300 invenit,
1074 1257 1144 1292 hoc
1163 1260 1228 1299 est,
1250 1256 1434 1291 desiderat
1452 1267 1563 1292 suum
1585 1267 1689 1302 opus,

205 1333 288 1369 quae
315 1332 459 1357 marem
485 1321 660 1366 condidit,
691 1331 758 1356 nec
786 1325 913 1356 tamen
941 1321 1086 1356 invenit
1114 1332 1256 1356 marem
1285 1331 1373 1365 esse,
1404 1331 1515 1367 quem
1542 1320 1689 1356 fecerat.

203 1385 299 1422 Stat.
329 1385 445 1421 Theb.
478 1386 538 1430 11,
568 1385 658 1420 Jam
685 1385 820 1431 trepidi
854 1396 932 1421 sese
965 1390 1140 1432 quaerunt
1167 1390 1452 1431 numerantque.
1509 1384 1586 1422 Cic.
1616 1390 1688 1421 act.

206 1450 265 1494 11,
286 1449 326 1484 in
345 1449 452 1485 Vers.
472 1461 503 1485 c.
528 1450 587 1494 10,
608 1449 717 1496 Nego
744 1460 823 1485 esse
850 1449 1052 1496 quicquam
1075 1448 1099 1485 ὲ
1126 1450 1284 1486 testibus
1312 1450 1465 1495 dictum,
1496 1450 1596 1497 quod
1623 1454 1691 1485 aut

202 1520 370 1552 vestrum
389 1515 551 1562 cuipiam
579 1520 674 1551 esset
693 1515 903 1560 obscurum,
925 1520 992 1551 aut
1019 1516 1245 1563 cujusquam
1264 1515 1420 1550 oratoris
1440 1513 1691 1561 eloquentiam

203 1585 394 1627 quaereret.
452 1580 537 1616 Hoc
569 1584 634 1625 est,
664 1580 712 1615 ad
745 1581 845 1626 quod
875 1579 1143 1626 explicandum
1177 1579 1403 1615 desideretur
1429 1578 1488 1614 vir
1519 1578 1690 1615 disertus.

205 1644 335 1680 Dicere
354 1644 454 1691 quod
472 1649 618 1691 quaerat
635 1643 886 1691 eloquentiam
906 1650 961 1680 est
980 1643 1163 1680 infantem
1191 1654 1279 1688 esse,
1301 1642 1535 1679 indisertum.
1590 1641 1692 1678 Nam

203 1721 286 1756 quae
305 1713 525 1755 quaeruntur
543 1721 618 1745 non
637 1710 786 1745 adsunt.
845 1709 945 1744 Hinc
965 1714 1002 1745 et
1022 1708 1159 1744 Plauto
1179 1708 1219 1743 in
1238 1708 1441 1754 quaestione
1461 1719 1549 1753 esse,
1571 1718 1692 1754 quoes-

203 1773 299 1808 tioni
319 1785 406 1818 esse,
427 1778 484 1809 est
502 1774 640 1819 abesse,
661 1785 736 1809 non
754 1778 891 1820 praesto
910 1784 998 1818 esse,
1019 1773 1058 1808 in
1079 1772 1213 1808 Pseud.
1240 1771 1451 1808 Cistellaria
1476 1775 1514 1807 et
1542 1771 1691 1809 Casina.

205 1839 307 1876 Hinc
325 1845 362 1876 et
381 1840 454 1876 illae
472 1846 641 1877 venustae
661 1840 865 1876 locutiones
887 1839 1059 1875 Siciliam
1089 1839 1129 1873 in
1153 1838 1299 1883 Sicilia,
1321 1838 1421 1884 apud
1442 1837 1519 1874 Cic.
1539 1837 1580 1872 in
1600 1849 1692 1885 epu-

203 1906 251 1941 lis
271 1907 404 1953 epulas
416 1907 517 1953 apud
533 1906 644 1944 Ovid.
698 1906 891 1943 Samnium
907 1907 945 1941 in
966 1905 1120 1941 Samnio
1131 1905 1232 1951 apud
1245 1903 1341 1939 Flor.
1352 1909 1509 1951 portum
1521 1904 1561 1938 in
1571 1909 1693 1950 ponto

204 1982 368 2018 quoerere
389 1971 489 2018 apud
507 1971 718 2015 Manilium,
749 1971 795 2006 de
822 1969 958 2017 quibus
978 1968 1034 2006 CL
1058 1968 1271 2005 Gronovius
1289 1968 1329 2002 in
1349 1966 1694 2004 Observationibus.

204 2036 323 2072 There
341 2036 374 2072 is
393 2048 415 2072 a
433 2036 644 2083 proverbial
662 2036 878 2082 expression
907 2035 997 2071 used
1029 2035 1081 2081 by
1109 2035 1172 2070 the
1191 2033 1330 2080 vulgar
1356 2033 1395 2068 in
1415 2031 1593 2079 England
1620 2033 1695 2068 and

206 2099 365 2145 Ireland,
385 2099 548 2148 namely,
570 2101 602 2135 it
620 2100 653 2135 is
673 2101 790 2135 better
810 2105 848 2134 to
868 2099 964 2134 have
982 2098 1075 2134 such
1095 2111 1119 2133 α
1140 2097 1248 2143 thiny
1268 2097 1362 2133 than
1383 2102 1420 2132 to
1441 2096 1524 2132 look
1535 2097 1606 2145 for
1634 2096 1665 2132 it
1676 2110 1690 2137 ;

205 2164 288 2201 look
301 2165 372 2212 for
390 2166 422 2201 is
441 2165 596 2213 exactly
615 2177 788 2212 quaerere,
818 2170 885 2201 not
912 2170 951 2201 to
971 2165 1070 2200 have
1088 2165 1129 2200 it.
1189 2163 1256 2201 See
1283 2163 1347 2199 the
1374 2163 1525 2199 learned
1545 2162 1693 2198 Brouk-

205 2231 335 2267 husius
355 2243 402 2267 on
422 2231 648 2278 Propertius,
669 2231 733 2267 lib.
760 2233 792 2276 1,
814 2231 906 2278 eleg.
930 2232 990 2275 17,
1012 2242 1049 2266 v.
1075 2231 1136 2275 18,
1157 2229 1243 2265 who
1271 2229 1432 2265 adduces
1459 2240 1482 2264 a
1500 2232 1608 2276 great
1624 2240 1695 2265 va—

204 2295 303 2342 riety
322 2295 363 2330 of
378 2295 572 2341 examples
591 2295 632 2331 of
647 2306 670 2330 a
688 2295 830 2330 similar
848 2294 1080 2340 acceptation
1099 2293 1140 2329 of
1155 2304 1291 2340 quaero.

261 2359 334 2395 ΙΙΙ.
356 2354 368 2377 ¹
390 2357 447 2394 Et
466 2360 680 2407 qui-secere,
705 2357 791 2407 δια]
817 2358 961 2394 Facere
979 2357 1011 2393 is
1031 2357 1242 2393 sometimes
1262 2368 1436 2403 quaerere,
1453 2367 1688 2403 comparare,

207 2424 391 2471 εοῖίἰρενε,
412 2428 451 2460 to
469 2434 633 2470 procure,
655 2434 696 2459 or
714 2423 874 2470 acquire,
896 2433 937 2458 as
957 2436 1063 2458 areum
1081 2424 1156 2459 and
1185 2420 1482 2458 maweu—See
1506 2420 1572 2456 the
1589 2431 1691 2456 oom-

207 2493 413 2525 mentators
431 2499 480 2524 on
498 2487 613 2524 Mark
625 2487 676 2522 iii.
702 2488 760 2532 14,
779 2487 853 2522 and
869 2487 1008 2523 Matth.
1029 2499 1129 2523 xxv.
1154 2489 1225 2532 16;
1247 2498 1286 2522 so
1307 2486 1383 2523 Cic.
1401 2486 1447 2521 de
1465 2484 1635 2520 Divinat.
1660 2484 1694 2519 1.

209 2550 334 2586 Etiam
354 2552 628 2598 philosophum,
651 2551 682 2587 si
701 2552 938 2587 commodum
958 2552 990 2587 ei
1011 2557 1115 2597 esset,
1137 2551 1334 2598 pecuniam
1361 2550 1480 2586 facere
1499 2558 1626 2595 posse3
1655 2558 1697 2583 so

210 2627 286 2651 rem
298 2616 446 2663 facere.
481 2617 578 2652 Flor.
603 2619 636 2663 1,
653 2629 683 2653 c.
704 2618 736 2662 1,
752 2616 817 2652 Ex
830 2617 945 2653 variis
957 2617 1148 2653 elementis
1163 2615 1408 2663 congregavit
1421 2624 1563 2659 corpuS,
1577 2622 1696 2658 popu—

209 2679 362 2727 lumque
382 2681 596 2716 Romanum
614 2681 692 2726 ipse
709 2680 807 2725 fecit,
829 2680 853 2716 i.
875 2693 903 2716 e.
925 2681 1003 2727 ipse
1021 2681 1181 2727 collegit,
1203 2691 1245 2716 as
1262 2680 1303 2714 in
1322 2678 1413 2715 Sall.
1474 2676 1695 2713 Exercitum

211 2749 365 2791 argento
377 2745 523 2791 facere,
544 2744 576 2780 is
594 2743 777 2790 colligere,
800 2755 1039 2790 comparare;
1067 2756 1145 2792 you
1163 2755 1253 2791 may
1280 2742 1435 2789 explain
1459 2740 1538 2777 also
1552 2739 1696 2787 yenuit,
