1889 3191
558 278 832 318 SALLUSTII
863 276 1127 317 CATILINA.
1531 279 1577 314 51

112 401 184 448 Μ.
209 397 391 446 Tullius
409 403 455 445 et
473 397 528 445 C.
550 397 801 445 Antonius.
828 395 953 461 quod
973 395 1149 443 factum
1171 393 1323 458 primo
1345 393 1583 457 popularis

109 483 439 548 conjurationis
462 490 774 532 concusserat.
844 483 1009 547 Neque
1043 488 1201 530 tamen
1219 481 1434 529 Catilinae
1457 480 1584 527 furor

108 572 406 619 minuebatur
425 592 437 628 ;
476 571 558 619 sed
578 570 628 618 in
652 570 750 618 dies
769 570 904 634 plura
927 570 1103 632 agitare
1121 590 1132 626 ;
1160 585 1287 616 arma
1300 584 1384 632 per
1398 567 1584 614 Italiam

108 657 221 705 locis
254 657 530 722 opportunis
565 674 757 721 parare;
794 656 1038 721 pecuniam
1075 655 1169 713 sua,
1213 663 1294 703 aut
1333 655 1586 703 amicorum

109 743 217 792 fidel
249 750 453 792 sumtam
475 751 700 800 mutuam,
730 742 958 792 Faesulas2
982 743 1040 791 ad
1074 743 1308 790 Manlium
1339 741 1588 806 quemdam

108 837 307 894 portare,
335 832 415 896 qui
437 837 601 896 postea
623 831 840 896 princeps
863 831 953 878 fuit
965 831 1075 878 belli
1097 830 1317 877 faciundi.
1386 830 1457 877 Ea
1473 835 1588 877 tem-

110 923 291 980 pestate
333 917 560 981 plurimos
600 917 821 981 cujusque
865 917 1046 980 generis
1085 916 1298 964 homines
1342 916 1591 964 adscivisse

114 1002 310 1059 dicitur;
363 1003 581 1050 mulieres
622 1003 764 1050 etiam
809 1003 997 1066 aliquot,
1043 1019 1147 1066 quae
1199 1002 1349 1066 primo
1387 1002 1590 1065 ingentis

115 1097 298 1137 sumtus
318 1095 480 1152 stupro
503 1089 709 1152 corporis
726 1089 1041 1137 toleraverunt
1067 1108 1076 1135 :
1102 1090 1222 1152 post,
1248 1089 1331 1135 ubi
1354 1095 1468 1136 aetas
1491 1096 1592 1135 tan-

113 1175 354 1223 tummodo
391 1175 606 1239 quaestui,
649 1192 796 1240 neque
834 1175 1031 1223 luxuriae
1069 1175 1262 1222 modum
1297 1175 1482 1231 fecerat,
1528 1192 1592 1223 aes

114 1262 318 1310 alienum
342 1262 517 1325 grande
536 1264 846 1311 conflaverant
873 1281 883 1310 :
924 1279 1008 1327 per
1038 1279 1113 1310 eas
1139 1279 1186 1310 se
1212 1262 1415 1310 Catilina
1437 1261 1593 1310 crede-

115 1351 197 1398 bat
226 1367 364 1415 posse
393 1352 580 1400 servitia
612 1351 791 1399 urbana
832 1350 1091 1408 sollicitare,
1131 1351 1296 1398 urbem
1333 1349 1593 1406 incendere,

117 1438 239 1485 viros
264 1454 422 1485 earum
444 1438 518 1486 vel
537 1438 788 1503 adjungere
813 1438 914 1494 sibi,
941 1438 1014 1486 vel
1035 1438 1307 1486 interficere.

183 1525 339 1573 XXV.
378 1525 467 1572 Sed
491 1526 541 1572 in
562 1525 638 1572 his
677 1532 774 1573 erat
815 1525 1102 1588 Sempronia,
1141 1543 1246 1589 quae
1285 1525 1434 1572 multa
1475 1540 1599 1588 saepe

117 1611 262 1659 virilis
285 1613 490 1661 audaciae
512 1614 716 1662 facinora
738 1615 1048 1662 commiserat.
1109 1615 1230 1662 Haec
1252 1614 1418 1662 mulier
1435 1630 1602 1676 genere

120 1704 258 1762 atque
301 1698 462 1756 forma,
507 1701 731 1764 praeterea
774 1701 886 1757 viro,
934 1701 1106 1757 liberis,
1159 1701 1287 1758 satis,
1326 1701 1598 1749 fortunata:

120 1784 290 1832 litteris
331 1786 525 1834 Graecisl
566 1793 704 1851 atque
757 1787 939 1835 Latinis
994 1787 1142 1844 docta,
1180 1787 1390 1852 psallere,
1436 1788 1601 1835 saltare

122 1871 393 1935 elegantids,
435 1890 574 1937 quam
609 1890 798 1922 necesse
837 1881 908 1922 est
945 1875 1138 1939 probae:
1174 1875 1324 1922 multa
1346 1874 1474 1931 alia„2
1498 1891 1602 1938 quae

121 1958 431 2007 instrumenta
473 1960 688 2009 luxuriae.
774 1961 866 2010 Sed
911 1961 952 2009 ei
996 1961 1172 2009 cariora
1219 1978 1403 2026 semper
1447 1962 1603 2009 omnia

123 2069 262 2117 quam
300 2052 439 2101 decus
486 2060 626 2118 atque
669 2054 896 2118 pudicitia
934 2054 1056 2102 fuit:
1103 2055 1315 2118 pecuniae
1361 2071 1420 2102 an
1463 2054 1603 2101 famae

124 2139 280 2188 minos
302 2149 526 2204 parceret,
552 2140 682 2190 haud
717 2142 848 2190 facile
891 2141 1190 2190 decerneres:
1229 2142 1390 2190 lubido
1431 2142 1496 2189 sic
1535 2158 1606 2189 ac-

126 2231 278 2284 censa,
304 2235 358 2276 ut
382 2229 555 2294 saepifis
572 2236 752 2295 peteret
770 2229 907 2287 viros,
947 2230 1083 2293 quam
1105 2235 1358 2294 peteretur.
1430 2227 1520 2276 Sed
1555 2244 1608 2276 ea

182 2379 332 2419 XXIV.
362 2380 374 2404 ¹
392 2380 610 2420 Amicorum
637 2382 756 2435 fida]
797 2385 870 2424 His
906 2384 1047 2422 friends
1074 2384 1226 2422 became
1261 2387 1390 2434 surety
1419 2383 1477 2421 for
1509 2383 1601 2421 him.

131 2443 294 2482 Suretios
325 2458 374 2484 on
405 2449 498 2485 such
529 2450 717 2487 occasions
747 2462 844 2488 were
874 2450 1126 2498 interrogated
1157 2450 1210 2499 by
1228 2451 1292 2487 the
1309 2450 1436 2487 lender
1452 2450 1492 2486 in
1511 2461 1533 2486 a
1552 2453 1609 2486 set

130 2511 227 2548 form
245 2521 286 2547 or
304 2514 436 2560 words,
458 2519 497 2551 to
514 2515 591 2551 this
608 2527 776 2563 purpose,
799 2516 962 2554 Centum
980 2528 1003 2553 a
1020 2528 1081 2554 me
1101 2516 1274 2554 Catilinae
1292 2513 1360 2553 tua
1378 2516 1451 2552 fide
1469 2515 1608 2552 credita

131 2587 210 2613 esse
234 2575 375 2626 jubes?
402 2579 428 2616 J
430 2579 650 2618 uben-M.

184 2641 200 2664 ²
225 2643 432 2696 Faesulas.]
454 2644 492 2683 A
505 2650 608 2682 town
625 2646 665 2682 in
684 2646 956 2683 Etmria.-M.

188 2711 317 2749 XXV.
348 2708 359 2731 ¹
377 2711 538 2747 Litteris
560 2710 737 2761 Graecis]
770 2711 927 2749 Litteroe
946 2716 1033 2749 sunt
1050 2712 1225 2758 historiae,
1247 2713 1384 2760 scripta
1402 2713 1588 2750 doctrinae.

186 2776 201 2798 ²
229 2777 359 2814 Mmta
378 2775 494 2826 alim]
519 2776 758 2814 Understand
778 2778 897 2823 docta,
915 2788 963 2813 on
981 2777 1105 2814 which
1117 2777 1288 2826 psallere
1306 2780 1381 2816 and
1398 2780 1544 2816 saltare
1562 2779 1608 2815 do

136 2844 223 2892 also,
244 2856 286 2885 as
303 2849 342 2882 to
361 2844 458 2884 their
475 2843 733 2890 construction,
755 2843 908 2893 depend.
965 2842 1032 2882 See
1049 2843 1074 2881 J
1076 2855 1139 2892 ug.
1161 2855 1229 2892 cap
1248 2844 1311 2891 vi„
1332 2850 1419 2883 note
1439 2844 1582 2883 1.—M.
