1889 3191
246 200 266 233 2
274 200 321 233 4-3
629 198 905 237 SALLUSTII
931 198 1344 238 JUGURTHINUM.

244 313 519 362 insidiarum
543 322 836 379 cognoverat,
861 315 1133 372 interfectis,
1159 315 1277 363 iram
1311 320 1606 378 oppresserat
1627 333 1640 367 ;
1670 315 1728 359 ne

243 415 334 461 qua
357 415 414 446 ex
436 416 490 447 eo
513 400 703 462 negotio
729 401 895 447 seditio
919 401 1135 447 oriretur.
1205 401 1371 463 Neque
1403 405 1512 463 post
1534 399 1583 446 id
1605 399 1728 445 loco-

242 503 347 532 rum
370 488 403 534 J
406 487 623 548 ugurthae
647 486 761 541 dies,
788 492 870 532 aut
893 502 987 532 nox
1008 485 1105 531 ulla
1121 486 1278 548 quieta
1292 486 1382 532 fuit
1401 504 1411 532 ε
1437 502 1586 549 neque
1608 485 1724 540 loco,

243 587 391 634 neque
413 571 602 617 mortali
624 570 856 632 cuiquam,
885 576 966 616 aut
989 570 1189 632 tempori
1212 571 1326 616 satis
1348 570 1531 620 credere
1556 590 1567 626 3
1598 571 1727 625 civis,

243 656 394 701 hostis
427 656 561 717 juxta
599 660 804 700 metuere
827 673 838 707 ;
880 653 1266 715 circumspectare
1302 655 1473 710 omnia,
1517 662 1564 701 et
1600 655 1729 702 omni

246 740 444 802 strepitu
468 754 714 801 pavescere
738 758 748 784 :
791 738 880 784 alio
904 744 1042 801 atque
1065 738 1155 784 alio
1177 738 1292 793 loco,
1320 755 1445 801 saepe
1467 745 1630 786 contra
1652 740 1730 786 de-

246 841 326 870 cus
350 824 530 886 regium
555 830 697 869 noctu
721 823 1005 886 requiescere
1026 842 1036 869 :
1073 823 1309 870 interdum
1344 839 1509 870 somno
1531 824 1727 880 excitus,

243 909 440 971 arreptis
463 909 619 963 armis,
648 908 905 955 tumultum
927 908 1093 954 facere.
1115 908 1182 955 ita
1203 908 1465 962 formidine,
1490 909 1624 972 quasi
1648 924 1725 955 ve-

245 994 401 1040 cordia
425 994 664 1056 exagitari.

310 1080 551 1125 LXXIII.
591 1079 743 1141 Igitur
767 1078 1006 1134 Metellus,
1033 1078 1115 1124 ubi
1139 1077 1196 1124 de
1220 1094 1329 1124 casu
1353 1078 1644 1134 Bomilcaris,
1682 1086 1730 1126 et

242 1164 415 1210 indicio
438 1164 686 1227 patefacto,
714 1180 769 1210 ex
792 1163 1002 1226 perfugis
1024 1164 1255 1225 cognovit,
1283 1180 1458 1220 rursus,
1486 1170 1726 1227 tamquam

240 1249 299 1295 ad
322 1249 556 1311 integrum
581 1249 770 1304 bellum,
794 1255 960 1295 cuncta
981 1255 1115 1310 parat
1129 1248 1427 1312 festinatque.
1500 1249 1723 1306 Marium,

240 1335 515 1396 fatigantem
540 1334 596 1380 de
620 1333 921 1396 profectione,
947 1333 1088 1379 simul
1111 1340 1156 1380 et
1189 1333 1393 1379 invisum
1428 1340 1474 1380 et
1497 1334 1727 1381 offensum

240 1416 329 1461 sibi
352 1414 518 1477 parum
542 1414 778 1460 idoneum1
802 1420 946 1469 ratus,
975 1414 1166 1460 domum
1192 1415 1403 1461 dimittit.
1475 1415 1537 1461 Et
1562 1415 1727 1462 Romae

243 1501 400 1562 plebes
436 1500 620 1555 litteris,
665 1517 770 1562 quae
808 1499 865 1546 de
891 1499 1086 1546 Metello
1127 1515 1179 1546 ac
1204 1500 1358 1547 Mario
1398 1501 1556 1547 missae
1580 1508 1727 1557 erant,

298 1659 486 1695 LXXIII.
517 1657 528 1679 ¹
553 1658 674 1693 Simul
692 1664 726 1693 et
746 1658 905 1694 invisum
927 1663 962 1693 et
981 1657 1161 1708 offensum
1182 1658 1255 1693 sibi
1269 1670 1410 1705 parum
1430 1658 1615 1706 idoneum,
1640 1658 1727 1710 &c.]

243 1721 361 1756 There
380 1722 410 1757 is
430 1726 537 1758 nota
565 1726 648 1767 stop
667 1721 706 1756 in
738 1721 812 1757 this
837 1726 1008 1757 sentence
1037 1722 1076 1756 in
1103 1722 1167 1756 the
1198 1721 1334 1757 edition
1365 1726 1447 1757 sent
1476 1726 1515 1758 to
1547 1734 1607 1759 me
1633 1723 1730 1760 from

243 1784 372 1820 Rome.
435 1784 605 1820 Invisum
625 1785 656 1820 is
675 1785 738 1820 the
758 1785 914 1831 reading
935 1785 973 1820 in
992 1785 1032 1830 it,
1053 1785 1175 1820 which
1204 1795 1280 1831 you
1300 1795 1359 1819 see
1377 1785 1418 1819 in
1436 1785 1499 1821 the
1517 1789 1627 1831 text,
1649 1787 1679 1822 it
1697 1787 1731 1822 is

241 1847 399 1882 invitum
420 1849 458 1883 in
478 1849 541 1884 the
560 1848 698 1884 edition
717 1848 758 1883 of
770 1848 918 1884 Cortius
937 1849 1011 1883 and
1030 1849 1164 1893 others,
1182 1848 1306 1884 which
1321 1848 1407 1884 does
1419 1853 1485 1885 not
1502 1850 1613 1886 make
1631 1853 1730 1898 good

242 1921 356 1945 sense.
415 1911 564 1948 Cot-tius
583 1910 757 1957 explains
784 1911 825 1955 it,
847 1908 999 1946 Invitus
1029 1916 1112 1946 erat
1142 1923 1222 1946 cum
1247 1910 1414 1958 Metello,
1435 1912 1459 1948 i.
1481 1924 1511 1947 e.
1533 1915 1728 1959 manebat;

242 1974 308 2008 but
328 1984 386 2008 see
406 1974 509 2010 what
527 1975 574 2010 he
592 1975 661 2010 has
693 1973 880 2009 obtruded
896 1974 975 2009 into
1009 1975 1071 2009 the
1090 1979 1186 2019 text,
1208 1974 1331 2010 which
1358 1974 1389 2010 it
1407 1975 1527 2022 really
1553 1976 1623 2012 has
1649 1983 1727 2014 not.

244 2035 397 2071 Marius
418 2036 571 2081 invitus,
593 2048 634 2072 or
656 2036 810 2072 Marius
840 2036 982 2072 invitus
1011 2041 1074 2081 est,
1105 2037 1235 2072 makes
1263 2048 1311 2072 no
1339 2048 1468 2082 sense3
1497 2038 1566 2074 but
1585 2038 1731 2076 Marius

240 2098 383 2133 invitus
404 2099 552 2143 mansit,
574 2110 614 2135 or
647 2099 776 2143 abivit,
810 2099 940 2134 makes
959 2100 1067 2145 good.
1125 2099 1144 2134 I
1178 2099 1266 2135 take
1297 2098 1479 2148 offensum
1507 2100 1727 2150 absolutely,

238 2161 382 2206 hostile,
418 2162 593 2206 iuimical,
629 2162 700 2206 &c3
730 2162 805 2197 and
825 2162 843 2197 I
863 2161 974 2197 make
1006 2162 1079 2196 sibi
1109 2163 1298 2209 governed
1334 2163 1386 2210 by
1419 2163 1604 2199 idoneum.
1662 2164 1731 2202 See

242 2225 342 2259 what
363 2224 555 2261 differcuce
574 2225 616 2261 of
631 2225 808 2271 meaning
826 2225 890 2260 the
909 2225 1052 2272 change
1071 2225 1113 2260 of
1127 2236 1195 2261 one
1213 2225 1321 2260 letter
1339 2226 1479 2262 makes.
1537 2226 1556 2262 I
1575 2232 1691 2264 wrote
1709 2240 1731 2264 a

239 2291 325 2321 not-e
343 2286 383 2321 in
403 2286 525 2331 Latin,
547 2299 664 2334 many
682 2298 791 2334 years
812 2299 895 2335 ago,
917 2292 956 2324 to
975 2299 1075 2323 some
1095 2287 1136 2322 of
1150 2287 1214 2323 the
1234 2287 1390 2324 Fellows
1409 2288 1452 2324 of
1463 2288 1579 2326 Alma
1593 2290 1728 2337 Mater,

240 2360 286 2383 on
307 2350 409 2385 what
431 2350 448 2385 Ι
468 2351 565 2386 have
584 2351 748 2397 thought
767 2362 789 2385 a
808 2362 901 2397 very
919 2351 1049 2397 happy
1069 2351 1303 2386 emendation
1331 2351 1373 2386 of
1387 2363 1408 2387 a
1427 2363 1535 2388 verse
1552 2353 1591 2388 in
1609 2353 1635 2389 J
1640 2366 1730 2391 uve-

241 2413 313 2457 nal,
338 2414 415 2451 Sat.
439 2416 472 2459 3,
496 2427 532 2450 v.
557 2417 644 2459 136,
666 2415 759 2451 Alta
778 2415 961 2452 Chionem
981 2415 1157 2450 deducere
1176 2414 1280 2451 cella.
1338 2415 1356 2450 I
1376 2421 1514 2452 cannot
1533 2428 1601 2465 say
1628 2419 1731 2455 what

240 2478 303 2513 the
323 2479 462 2523 precise
494 2480 616 2515 words
635 2480 676 2515 of
701 2490 767 2526 my
799 2483 887 2515 note
905 2490 1010 2524 were,
1032 2480 1101 2514 but
1134 2490 1174 2514 so
1203 2479 1261 2514 far
1290 2490 1331 2515 as
1352 2479 1370 2515 I
1389 2480 1570 2527 recollect,
1600 2483 1731 2530 nearly

239 2541 342 2576 these
359 2555 420 2576 :—
431 2542 542 2578 Cellae
561 2542 780 2578 meretricioe
799 2543 971 2578 omnibus
990 2543 1080 2578 viris
1099 2542 1216 2578 doctis
1234 2543 1324 2579 satis
1343 2547 1441 2579 notae
1453 2549 1541 2581 sunt
1560 2556 1611 2581 ex
1624 2545 1732 2582 Mar-

240 2603 336 2646 tiale,
361 2604 544 2649 Petronio,
569 2609 604 2641 et
623 2605 818 2651 Juvenale,
841 2607 951 2653 cujus
970 2617 1120 2641 carmen
1148 2605 1259 2641 unius
1278 2605 1395 2641 literae
1423 2607 1631 2644 mutatione
1649 2620 1731 2644 cor-

238 2672 402 2714 ruptum,
425 2669 662 2714 experiemur
681 2675 717 2706 et
736 2682 803 2706 nos
822 2682 870 2706 an
899 2671 1082 2717 corrigere
1100 2669 1307 2706 valeamus.
1366 2672 1482 2718 Then,
1506 2673 1602 2709 after
1620 2677 1731 2720 quot-

236 2734 303 2780 ing
319 2733 386 2768 the
406 2744 511 2768 verse
529 2734 657 2779 above,
682 2734 701 2769 I
721 2736 811 2780 said,
836 2735 929 2778 Quae
948 2736 1009 2771 hic
1038 2735 1086 2771 sit
1105 2734 1189 2770 alta
1210 2734 1316 2781 sella,
1339 2737 1465 2773 dicant
1485 2738 1549 2784 qui
1567 2742 1728 2782 norunt3

235 2808 304 2843 ego
323 2807 411 2833 saue
432 2796 563 2831 cellam
585 2797 740 2844 legerim
758 2809 765 2831 :
787 2798 882 2834 Alta
903 2800 1001 2836 enim
1021 2799 1114 2836 cella
1134 2801 1284 2851 πορνεῖον
1303 2812 1367 2838 seu
1385 2802 1513 2839 fornix
1531 2806 1598 2839 est.
1629 2803 1730 2841 Con·
