1889 3191
278 267 327 307 92
730 267 1006 312 SALLUSTII
1034 270 1298 314 CATILINA.

275 401 350 433 res
372 386 543 437 habet:
569 388 620 437 in
641 389 774 438 luctu
796 398 935 456 atque
958 391 1199 448 miseriis,⁹
1223 375 1423 438 mortem
1447 405 1762 437 aerumnarum

275 474 496 537 requiem,
540 493 636 523 non
672 477 930 524 cruciatum
970 493 1101 531 esse3
1139 493 1242 523 eam
1280 482 1448 523 cuncta
1491 475 1762 523 mortalium

275 559 399 606 mala
421 560 704 616 dissolvere3
741 562 864 608 ultra
885 578 1036 624 neque
1060 578 1184 608 curae
1218 578 1367 624 neque
1401 560 1572 624 gaudio
1606 560 1761 607 locum

275 659 392 691 esse.
465 645 570 700 Sed,
594 661 678 708 per
702 645 814 692 deos
848 645 1141 700 immortalis,
1169 645 1470 708 quamobrem
1494 645 1542 691 in
1579 651 1763 691 senten·

276 730 390 776 tiam
415 747 510 776 non
532 730 810 785 addidisti,¹⁰
836 730 907 776 uti
929 729 1061 792 prius
1085 729 1353 776 verberibus
1376 730 1426 775 in
1450 746 1528 775 eos
1553 728 1761 775 animad-

275 810 564 858 verteretur?
600 828 674 866 an,
701 812 810 874 quia
831 812 907 858 lex
925 811 1089 858 Porcia
1103 818 1228 858 vetat
1242 809 1293 857 '3¹¹
1318 817 1366 857 at
1380 811 1484 857 aliae
1507 811 1634 873 leges
1647 811 1762 857 item

274 895 596 943 condemnatis
620 897 798 943 civibus
822 913 918 943 non
941 896 1146 942 animam
1171 896 1301 958 eripi,
1321 895 1403 942 sed
1421 894 1637 942 exsilium
1661 911 1763 957 per-

274 979 401 1025 mitti
418 979 604 1042 jubent.
672 980 765 1035 An,
788 980 897 1042 quia
920 979 1106 1042 gravius
1131 987 1203 1026 est
1220 979 1452 1026 verberari
1475 979 1613 1041 quam
1631 994 1764 1025 neca-

274 1062 352 1110 ri?
379 1064 494 1127 quid
531 1072 689 1112 autem
729 1066 962 1121 acerbum,
990 1073 1071 1111 aut
1111 1081 1249 1127 grave
1284 1064 1424 1110 nimis
1465 1064 1514 1110 in
1547 1063 1762 1110 homines

273 1149 394 1195 tanti
417 1149 636 1197 facinoris
659 1149 934 1198 convictos?
1004 1150 1086 1199 Sin
1109 1150 1218 1212 quia
1238 1149 1386 1196 levius
1405 1170 1416 1204 ;
1452 1150 1530 1211 qui
1549 1148 1764 1195 convenit

273 1235 323 1280 in
346 1236 525 1283 minore
548 1237 738 1299 negotio
760 1237 912 1298 legem
938 1236 1115 1290 timere,
1155 1235 1262 1282 cum
1287 1251 1388 1281 eam
1412 1235 1462 1280 in
1484 1233 1659 1295 majore
1683 1249 1762 1278 ne-

273 1321 506 1382 glexeris?
574 1323 642 1368 At
665 1322 789 1368 enim
814 1322 918 1384 quis
937 1320 1260 1383 reprehendet,
1286 1320 1411 1383 quod
1433 1321 1483 1366 in
1505 1319 1760 1381 parricidas

272 1406 542 1468 reipublicae
566 1406 803 1453 decretum
828 1405 949 1452 erit?
989 1415 1188 1467 tempus,
1229 1405 1342 1458 dies,
1385 1404 1589 1457 fortuna,
1627 1402 1760 1464 cujus

271 1489 432 1535 lubido
456 1491 675 1552 gentibus
699 1489 984 1536 moderatur.
1024 1489 1126 1535 Illis
1151 1489 1316 1535 merito
1333 1488 1511 1543 accidet
1535 1486 1760 1549 quidquid

323 1659 339 1680 ⁹
362 1659 409 1696 In
430 1661 535 1695 luctu
555 1666 668 1708 atque
689 1658 886 1709 miseriis]
916 1660 1097 1705 Muretus,
1120 1660 1159 1695 in
1178 1659 1236 1695 his
1256 1659 1345 1695 Var.
1364 1658 1465 1695 Lect.
1481 1658 1544 1695 lib.
1571 1659 1630 1705 19,
1647 1674 1678 1698 c.
1696 1662 1756 1706 22,

271 1738 369 1774 says,
393 1726 502 1770 Quod
522 1726 575 1762 ait
595 1725 637 1763 C.
661 1726 786 1762 Caesar
804 1727 903 1772 apud
925 1725 1013 1762 Sall.
1035 1726 1074 1761 in
1093 1726 1267 1761 oratione.
1289 1722 1364 1771 qua
1384 1725 1582 1771 dissuadet,
1605 1738 1651 1762 ne
1669 1737 1758 1762 con-

267 1791 466 1838 jurationis
494 1791 710 1836 deprehensi
739 1790 1019 1834 interficiantur,
1061 1791 1098 1824 in
1129 1790 1243 1833 luctu,
1278 1790 1341 1825 ἃς.
1363 1803 1371 1834 3
1402 1789 1498 1825 idem
1527 1801 1640 1837 prope
1669 1792 1758 1828 dicit

270 1855 371 1900 apud
392 1854 611 1900 Sophoclem
632 1853 827 1901 Antigona
846 1853 904 1889 his
924 1853 1092 1889 versibus
1109 1866 1173 1887 :—

552 1938 713 1978 ““Ooem
736 1938 810 1988 ’γὰρ
831 1938 862 1973 ἒν
884 1939 1086 1980 πολλοῖσιν,
1107 1936 1150 1976 ὣς
1174 1934 1259 1983 ἐγὼ,
1280 1939 1408 1976 κακοῖς

588 1994 648 2035 zi,
671 1993 746 2033 πῶς
770 1990 817 2038 ἵδ,
840 1992 925 2040 οὐχ)
948 1991 1134 2028 κατθανὼν
1156 1989 1271 2043 κεξδος
1294 1988 1421 2042 pigeas

272 2082 327 2118 L’t
345 2081 511 2118 fortassis
529 2081 630 2117 illinc
649 2081 816 2117 hausisse
834 2081 896 2116 vel
915 2081 1050 2125 Caesar,
1072 2081 1132 2116 vel
1150 2080 1348 2117 Sallustius
1367 2079 1484 2115 videri
1503 2085 1624 2127 queat.
1684 2081 1758 2117 Eos

269 2157 338 2192 ego
359 2145 552 2192 Sophoclis
570 2156 700 2181 versus
718 2145 773 2180 ita
793 2144 925 2180 Latine
952 2144 1094 2179 reddidi
1108 2157 1172 2178 :—

486 2223 508 2238 ⁴⁵
527 2218 630 2253 Nam
652 2218 834 2265 quisquis,
855 2223 898 2253 ut
917 2230 993 2264 eqo,
1017 2217 1053 2251 ἰη
1071 2216 1250 2262 plurimis
1270 2216 1361 2252 vivit
1382 2216 1504 2259 malis,

532 2271 637 2313 Quid
656 2271 695 2305 ui
714 2271 779 2306 ille
799 2275 953 2305 mortem
973 2282 1050 2304 esse
1071 2269 1109 2303 in
1131 2269 1235 2303 lucro
1249 2274 1361 2314 putet
1380 2266 1454 2304 sibi
1471 2268 1612 2306 :2''—C.

324 2345 352 2366 ¹⁰
372 2343 423 2381 In
451 2345 675 2380 sententiam
696 2356 771 2379 non
791 2341 1015 2392 addidisti]
1049 2342 1242 2389 Similarly
1263 2342 1343 2377 Liv.
1366 2344 1401 2386 4,
1423 2354 1454 2377 c.
1480 2342 1541 2387 25,
1565 2342 1611 2377 In
1639 2344 1753 2380 vesti-

267 2418 436 2449 mentum
456 2411 600 2455 addere,
621 2410 677 2445 for
695 2409 930 2444 vestimento.
986 2407 1143 2443 Anthou
1157 2408 1226 2443 has
1245 2418 1292 2442 no
1306 2410 1402 2451 note,
1421 2407 1495 2442 and
1513 2411 1579 2454 yet
1592 2408 1656 2444 the
1676 2409 1753 2445 sin-

226 2516 238 2526 .
267 2476 435 2523 gularity
453 2474 494 2510 of
510 2474 573 2510 the
591 2473 809 2519 expression
827 2472 991 2518 requires
1009 2470 1190 2508 one—C.

323 2538 347 2559 ¹¹
372 2539 458 2574 Lex
480 2536 622 2573 Porcia
643 2534 780 2585 vetat]
803 2535 883 2571 The
902 2536 1046 2580 author,
1067 2535 1120 2570 M.
1140 2534 1303 2579 Porcius,
1322 2534 1484 2571 Tribune
1503 2534 1544 2570 of
1554 2535 1618 2571 the
1638 2534 1751 2572 Com-

267 2616 383 2649 mons,
405 2615 444 2639 A.
463 2614 500 2639 U.
523 2603 611 2647 453,
633 2601 900 2648 commanding
930 2601 1015 2636 that
1042 2611 1090 2636 no
1118 2599 1340 2647 magistrate
1364 2599 1498 2635 should
1525 2604 1690 2644 execute,
1712 2611 1753 2635 or

267 2669 405 2715 punish
423 2668 515 2702 with
535 2667 630 2710 rods,
653 2677 676 2702 a
695 2665 844 2701 Roman
863 2665 995 2701 citizen
1012 2679 1020 2709 3
1050 2666 1128 2709 but,
1150 2675 1252 2710 upon
1280 2669 1452 2701 sentence
1470 2663 1512 2699 of
1525 2664 1750 2700 condemna-

266 2731 358 2773 tion,
381 2728 514 2764 should
533 2728 666 2773 permit
685 2728 764 2762 him
779 2732 818 2763 to
837 2738 886 2774 go
899 2727 980 2763 into
999 2726 1107 2771 exile,
1125 2731 1300 2772 contrary
1318 2730 1357 2761 to
1377 2726 1474 2761 their
1490 2726 1625 2762 former
1643 2737 1750 2772 prac-

265 2794 336 2830 tice
355 2792 396 2829 of
411 2791 609 2838 scourging
630 2791 704 2826 and
722 2791 812 2826 then
831 2791 986 2838 putting
1004 2791 1107 2827 them
1126 2795 1165 2826 to
1184 2789 1417 2825 death—M.
