1889 3191
529 206 809 245 SALLUSTII
836 206 1253 246 JUGURTHINUM.
1564 213 1639 247 245

132 324 390 371 moderata.
480 323 715 370 Praeterea
738 323 951 370 seditiosi
967 323 1285 387 ³magistratus
1309 323 1501 386 volgum
1526 342 1633 373 exa-

134 410 299 472 gitare,
326 408 576 456 Metellum
600 409 820 457 omnibus
856 409 1159 457 concionibus
1178 409 1348 470 capitis
1383 426 1629 468 arcessere,

132 495 278 542 Marii
298 495 522 543 virtutem
545 495 597 542 in
619 496 773 559 majus
809 497 1054 544 celebrare.
1122 496 1339 561 Denique
1373 497 1533 560 plebes
1570 499 1635 545 sic

132 596 340 637 accensa,
389 580 460 627 uti
506 582 698 643 opifices
744 589 1042 646 agrestesque
1090 598 1267 638 omnes,
1316 599 1514 647 quorum
1562 601 1636 632 res

129 662 338 727 fidesque
359 663 410 710 in
435 664 653 711 manibus
678 664 782 711 sitae
807 672 952 720 erant,
972 665 1148 712 relictis
1167 665 1401 728 operibus,
1420 666 1635 729 frequen-

126 757 282 797 tarent
317 750 541 807 Marium,
582 757 630 798 et
662 768 749 798 sua
778 752 1042 799 necessaria
1076 759 1185 815 post
1224 752 1351 799 illius
1386 753 1632 800 honorem*

129 836 370 884 ducerent.
443 838 532 892 Ita,
560 837 775 900 perculsa
799 837 1060 893 nobilitate,
1086 844 1197 901 post
1220 838 1395 885 multas
1429 846 1635 902 tempes-

127 921 271 968 tates⁵
308 938 429 969 novo
460 922 644 969 homini
682 923 955 970 consulatus
981 923 1249 970 mandatur.
1278 931 1324 970 et
1354 928 1520 987 postea
1547 941 1632 988 po·

128 1007 271 1068 pulus
311 1024 340 1054 a
366 1007 556 1054 tribuno
587 1008 740 1070 plebis
765 1008 966 1055 Manilio
991 1008 1217 1055 Mancino
1241 1015 1447 1071 rogatus,
1478 1025 1630 1060 QUEM

126 1108 341 1139 VELLET
375 1107 492 1140 CUM
518 1093 661 1140 JUGU
673 1109 820 1139 RTHA
856 1094 1093 1140 BELLUM
1121 1093 1384 1140 GERERE?
1409 1094 1629 1158 frequens

127 1178 336 1225 Marium
364 1178 526 1241 jussit.
575 1178 775 1226 Senatus
793 1179 952 1242 paullo
986 1179 1097 1226 ante
1133 1179 1330 1227 Metello
1355 1180 1632 1227 Numidiam

127 1264 394 1311 decreverat
415 1285 427 1320 ;
466 1281 520 1311 ea
542 1280 617 1311 res
640 1264 815 1312 frustra
838 1265 946 1311 fuit.

193 1351 424 1397 LXXIV.
463 1351 644 1398 Eodem
681 1358 892 1413 tempore
917 1352 1172 1414 Jugurtha,
1211 1352 1397 1400 amissis
1433 1354 1628 1409 amicis,l

126 1453 326 1498 quorum
350 1436 597 1499 plerosque
620 1436 722 1498 ipse
746 1445 1006 1492 necaverat,
1045 1437 1203 1484 caeteri
1227 1437 1491 1493 formidine,
1520 1455 1629 1501 pars

126 1521 187 1568 ad
213 1522 465 1577 Romanos,
491 1521 569 1568 alii
593 1521 654 1568 ad
677 1522 856 1585 Regem
882 1523 1126 1570 Bocchum
1149 1523 1485 1586 profugerant3
1524 1528 1630 1571 cum

123 1675 216 1699 rare
235 1665 330 1700 than
348 1668 388 1701 to
408 1665 618 1711 moderare,
640 1677 682 1702 as
695 1678 912 1713 procurare
932 1667 1031 1702 bona
1053 1671 1121 1702 aut
1141 1665 1247 1702 mala
1276 1679 1358 1713 sua,
1380 1671 1419 1703 to
1441 1668 1571 1704 attend
1591 1673 1630 1704 to

129 1728 228 1763 their
261 1740 484 1776 prosperous
511 1741 552 1765 or
583 1731 738 1766 adverse
768 1730 1058 1767 circumstances
1090 1725 1240 1779 (κηδειν,
1273 1742 1324 1775 or,
1360 1732 1530 1778 perhaps,
1555 1732 1634 1768 {m-

123 1794 322 1840 μελεῖςθαιι,
345 1807 386 1831 or
406 1791 620 1840 σπουδαζειν
644 1792 764 1847 πρὸς),
783 1806 948 1842 conveys
967 1795 1088 1831 better
1103 1807 1207 1832 sense
1226 1797 1322 1832 than
1335 1796 1436 1832 bona
1445 1800 1512 1832 aut
1530 1798 1633 1834 mala

125 1870 196 1896 sua
215 1860 420 1897 moderare.
480 1860 651 1896 Kritzius
671 1872 759 1908 says
779 1860 864 1895 that
883 1860 981 1895 bona
993 1864 1060 1895 aut
1079 1859 1181 1896 mala
1194 1872 1306 1895 never
1321 1871 1391 1896 can
1412 1860 1555 1908 signify
1567 1862 1633 1897 the

125 1925 269 1961 virtues
289 1936 331 1961 or
348 1925 449 1962 vices
468 1926 510 1961 of
523 1937 687 1972 persons,
709 1926 777 1962 but
796 1924 1008 1971 prosperity
1036 1935 1077 1960 or
1097 1925 1301 1973 adversity.
1360 1924 1452 1961 This
1473 1924 1492 1960 I
1508 1926 1630 1973 deny;

126 1990 185 2026 for
203 1990 308 2026 what
328 1990 425 2026 shall
445 2002 501 2026 we
522 2003 591 2038 say
610 1991 651 2026 of
665 2002 695 2027 c.
720 1991 780 2036 85,
803 1990 998 2037 Majorum
1016 1988 1137 2037 gloria
1154 1991 1311 2036 posteris
1329 1989 1459 2025 lumen
1478 1995 1543 2034 est7
1565 2002 1633 2027 ne-

126 2067 201 2103 que
222 2057 321 2092 bona
342 2068 463 2104 neque
493 2057 599 2092 mala
630 2057 669 2092 in
695 2056 840 2092 occulto
870 2057 1025 2102 patitur.
1085 2055 1196 2101 Here⁷
1220 2056 1295 2091 and
1321 2056 1361 2091 in
1379 2066 1498 2102 many
1526 2057 1633 2092 other

124 2121 250 2168 places
269 2123 310 2158 of
325 2123 389 2159 the
409 2122 568 2169 classics,
591 2123 691 2158 bona
712 2122 787 2158 and
807 2121 923 2165 mala,
946 2133 1009 2158 are
1036 2122 1136 2169 good
1155 2122 1231 2157 and
1249 2121 1324 2158 bad
1343 2121 1628 2168 qualities.—C.

177 2185 193 2207 ⁴
212 2186 310 2224 Post
329 2188 434 2224 illius
455 2186 671 2238 honorem]
705 2188 896 2224 Honorem
917 2186 1259 2224 consulatus-M.

179 2250 194 2272 ⁵
215 2252 312 2289 Post
332 2253 472 2288 multas
494 2251 772 2302 tempestates]
790 2252 889 2290 Cum
908 2252 1029 2289 multo
1049 2258 1135 2289 ante
1151 2258 1316 2299 tempore
1335 2253 1375 2289 id
1392 2252 1536 2290 factum
1554 2265 1631 2290 non

123 2324 232 2356 esset.
290 2318 382 2354 Post
400 2318 568 2354 Marium
595 2318 710 2365 longo
729 2317 928 2355 intervallo
956 2318 995 2353 id
1022 2317 1182 2365 contigit
1202 2317 1382 2354 Ciceroni.
1440 2318 1510 2354 me
1537 2316 1629 2355 vero

124 2381 239 2422 valde
259 2385 408 2430 ineptus
426 2383 510 2429 fuit,
532 2384 597 2430 qui
614 2384 677 2420 hic
695 2384 736 2419 in
754 2395 844 2420 voce
864 2387 1106 2430 tempestates
1125 2384 1170 2419 de
1188 2383 1309 2420 turbis
1328 2384 1521 2430 cogitavit,
1543 2382 1631 2420 cnm

125 2450 235 2487 toties
256 2448 459 2486 Sallustius
479 2447 522 2483 ea
554 2452 785 2494 tempestate,
807 2454 843 2484 et
877 2449 1015 2484 similia
1047 2448 1198 2489 dixerit,
1222 2453 1263 2484 ut
1292 2454 1439 2485 notaret
1466 2453 1628 2496 tempus.

124 2516 252 2563 Atque
270 2515 325 2550 ita
344 2513 487 2558 Livius,
510 2513 673 2558 Tacitus,
696 2513 852 2550 Curtius
871 2511 978 2560 teque
996 2510 1225 2559 frequenter.
1256 2513 1400 2550 Mansit
1414 2510 1461 2549 ea
1478 2515 1629 2551 notione

124 2581 227 2628 apud
257 2577 454 2615 historicos
483 2589 601 2624 usque
633 2578 681 2612 ad
713 2578 885 2613 intimam
913 2577 1132 2613 Latinitatis
1157 2582 1318 2623 aetatem,
1350 2579 1451 2625 quod
1479 2578 1625 2626 Dictys,

128 2644 378 2693 HegesippUS‚
402 2640 590 2688 Sulpicius
611 2640 781 2686 Severus,
802 2642 920 2688 iisque
935 2642 1102 2688 juniores
1121 2643 1335 2679 ostendunt.
1344 2642 1448 2678 -Μ,

180 2711 366 2749 LXXIV.
399 2706 412 2729 ¹
432 2708 596 2744 Amissis
616 2707 786 2757 amicis]
817 2708 972 2744 Amicos
992 2709 1053 2744 hic
1080 2713 1203 2754 vocat,
1225 2710 1290 2756 qui
1318 2714 1406 2746 sunt
1434 2710 1531 2746 circa
1551 2710 1626 2746 Re-

127 2790 224 2827 gem,
246 2777 449 2815 consiliarii
467 2780 504 2813 et
533 2774 745 2811 administri
771 2786 898 2811 rerum
925 2774 1185 2824 gerendarum,
1205 2775 1396 2822 proxumi,
1417 2781 1461 2813 ut
1479 2775 1625 2812 Bomil-

126 2856 251 2883 carem
269 2843 445 2892 adpellat,
467 2853 548 2890 cap.
572 2839 749 2878 35.-M.

1341 2921 1371 2951 Y
1398 2908 1425 2951 2
