1889 3191
263 270 338 306 198
643 264 920 305 SALLUSTII
948 262 1366 302 JUGURTHINUM.

256 383 443 433 eosdem
484 382 716 439 aerarium,
757 382 1024 446 provinciae,
1067 381 1387 444 magistratus,
1438 377 1618 442 gloriae,
1656 377 1739 425 tri-

254 469 514 535 umphique
537 474 670 517 erant
690 487 701 515 :
737 468 941 531 populus
966 466 1134 514 militia
1157 472 1296 529 atque
1327 465 1488 528 inopia
1513 463 1740 527 urgueba-

253 562 363 612 ταῖς
396 554 582 618 praedas
603 553 792 600 bellicas
815 553 1119 615 imperatores
1143 567 1249 598 cum
1266 550 1427 613 paucis
1442 549 1739 613 diripiebant.

255 642 443 689 Interea
464 644 695 703 parentes,
722 643 803 684 aut
824 637 957 699 parvi
978 636 1111 683 liberi
1133 635 1354 692 militum,
1375 641 1430 682 ut
1447 636 1643 699 quisque
1659 650 1741 698 po-

254 724 446 773 tentiori
469 721 664 770 confinis
688 720 824 777 erat‚³
849 720 1036 768 sedibus
1054 720 1364 783 pellebantur.
1441 719 1521 765 Ita
1534 735 1641 766 cum
1659 735 1742 782 po-

255 810 405 859 tentia
426 808 633 864 avaritia,
660 807 759 855 sine
791 806 968 862 modo‚⁴
1000 805 1319 868 modestiaque
1351 803 1569 852 invadere
1593 823 1606 860 ;
1645 803 1745 866 pol-

256 896 385 943 luere
408 899 454 941 et
476 899 658 941 vastare
681 892 839 939 omnia
859 914 870 948 ;
896 891 1016 938 nihil
1038 891 1187 955 pensi,
1213 906 1364 954 neque
1387 889 1537 937 sancti
1557 889 1744 944 habere,

259 980 413 1045 quoad
452 985 599 1027 semet
634 978 739 1041 ipsa
771 976 1098 1042 praecipitavit.
1165 977 1291 1023 Nam
1323 975 1406 1022 ubi
1438 973 1644 1039 primum
1670 974 1748 1036 (ex

257 1065 525 1128 nobilitate)
562 1064 736 1128 reperti
770 1070 893 1120 sunt,
920 1063 1000 1127 qui
1035 1079 1190 1110 veram
1225 1061 1422 1126 gloriam
1453 1060 1644 1124 injustae
1665 1075 1748 1123 po·

259 1153 422 1201 tentiae
446 1155 782 1213 anteponerent
803 1169 814 1204 ;
850 1148 1026 1195 moveri
1049 1147 1224 1203 civitas,
1253 1153 1299 1195 et
1333 1146 1562 1194 dissensio
1585 1145 1747 1202 civilis,

262 1239 396 1304 quasi
418 1236 668 1301 permixtio
691 1241 843 1290 terrae,
871 1234 982 1282 oriri
1005 1234 1164 1297 coepit.

328 1324 492 1372 XLII.
529 1323 655 1370 Nam
678 1327 930 1384 postquam
953 1320 1169 1367 Tiberius
1193 1325 1240 1367 et
1263 1319 1320 1366 C.
1349 1317 1605 1373 Gracchus,
1631 1332 1746 1379 quo-

262 1427 367 1458 rum
391 1409 590 1472 majores
614 1406 792 1453 Punico
827 1412 967 1468 atque
992 1405 1093 1452 aliis
1127 1404 1262 1451 bellis
1290 1403 1493 1450 multum
1528 1401 1749 1466 reipubli-

265 1513 332 1544 cae
356 1494 648 1549 addiderant,
685 1491 918 1539 vindicare
952 1492 1137 1555 plebem
1170 1492 1221 1538 in
1253 1491 1531 1546 libertatem,
1559 1498 1606 1538 et
1639 1506 1754 1554 pau-

265 1598 425 1629 corum
450 1579 623 1628 scelera
644 1578 905 1641 patefacere
929 1594 1110 1640 coepere
1132 1596 1143 1624 ι
1181 1576 1401 1624 nobilitas
1434 1576 1587 1632 noxia,
1615 1581 1754 1639 atque

267 1712 386 1759 lectio,
408 1722 523 1760 quam
542 1710 704 1758 pessimo
731 1708 894 1755 consilio,
917 1715 955 1745 et
973 1719 1113 1757 magno
1142 1708 1335 1745 sententiae
1362 1707 1473 1754 malo,
1493 1703 1692 1744 mutarunt
1718 1706 1758 1742 in

268 1783 380 1824 atque
397 1777 438 1813 in
469 1776 752 1813 multitudinem
784 1773 969 1820 dispersa:
999 1773 1100 1809 dixit
1132 1773 1171 1809 in
1202 1772 1456 1818 multitudine,
1487 1782 1555 1818 pro
1581 1771 1756 1820 quamvis

268 1840 382 1878 multi
399 1839 646 1878 essent—M.

321 1901 336 1924 ³
367 1904 418 1941 Ut
436 1903 593 1951 quisque
606 1900 816 1949 potentiori
835 1899 994 1947 confinis
1014 1897 1132 1949 ema]
1163 1898 1324 1937 Tumeb.
1344 1898 1386 1934 in
1403 1898 1462 1935 his
1476 1897 1678 1935 Adversas.
1691 1897 1756 1934 lib.

270 1970 305 2014 3,
327 1980 357 2005 c.
382 1967 442 2013 15,
474 1967 582 2003 reads
611 1964 751 2013 affinis.
809 1962 979 1999 Kritzius
1011 1963 1080 1998 has
1110 1974 1158 1998 no
1190 1967 1277 1998 note
1305 1973 1353 1998 on
1371 1962 1412 1997 it.
1468 1961 1548 1998 The
1575 1961 1696 1998 words
1723 1961 1764 1996 of

270 2031 432 2068 Tumeb.
453 2040 525 2075 are,
548 2027 688 2076 Affinis
706 2032 817 2063 vocat
839 2025 922 2075 (np.
947 2025 1058 2074 Sall.)
1082 2026 1146 2072 qui
1165 2026 1343 2062 finitimos
1371 2031 1408 2061 et
1427 2025 1646 2072 conjunctos
1672 2035 1758 2071 pos-

271 2095 393 2132 sident
411 2103 545 2141 agros3
574 2103 619 2128 ea
637 2101 783 2138 quoque
801 2101 882 2126 vox
900 2089 1040 2137 placita
1057 2100 1133 2125 non
1161 2094 1227 2135 est,
1250 2094 1286 2126 et
1306 2088 1466 2136 confinis
1493 2088 1651 2125 scribere
1676 2099 1759 2125 ma-

271 2162 431 2205 luerunt,
453 2158 554 2206 quod
570 2156 807 2201 vocabulum,
829 2155 898 2193 etsi
915 2155 955 2192 in
972 2155 1162 2202 republica
1181 2155 1353 2191 Romana
1369 2158 1504 2190 natum
1522 2157 1560 2191 et
1576 2164 1760 2191 vernacu-

271 2224 353 2260 lum
371 2226 438 2268 est,
459 2226 586 2257 tamen
617 2231 694 2256 non
711 2219 837 2255 minus
868 2216 998 2265 affinis
1030 2217 1220 2255 natalibus
1250 2216 1430 2253 Romanis
1457 2228 1496 2253 se
1525 2215 1685 2252 extollit.
1743 2216 1763 2252 Ι

274 2286 416 2324 believe
435 2285 521 2321 that
539 2281 668 2330 affinis
686 2282 718 2319 is
736 2282 801 2319 the
820 2285 960 2318 correct
978 2281 1143 2328 reading.
1202 2280 1270 2318 See
1290 2279 1433 2325 Festus,
1454 2279 1666 2325 Faoeiolati,
1687 2279 1763 2315 and

274 2350 340 2388 the
359 2349 465 2386 other
481 2346 797 2393 lexicographers.
855 2344 875 2380 I
894 2345 991 2380 have
1010 2343 1149 2380 altered
1163 2343 1228 2379 the
1246 2346 1332 2379 text
1351 2342 1393 2378 of
1406 2342 1470 2378 the
1487 2341 1562 2378 last
1581 2345 1762 2387 sentence,

276 2412 351 2449 and
370 2411 390 2448 Ι
409 2410 507 2455 read,
529 2408 719 2445 Dissensio
737 2406 868 2454 civim,
889 2406 996 2455 quasi
1014 2406 1215 2453 permixtio
1233 2408 1352 2451 terrae,
1376 2404 1464 2450 &c.;
1484 2404 1559 2441 and
1577 2415 1617 2442 so
1636 2415 1686 2441 an
1703 2403 1765 2440 old

278 2474 352 2511 and
371 2473 469 2522 good
488 2471 627 2508 edition
644 2471 714 2507 has
731 2469 873 2507 it.—C.

331 2535 345 2558 ⁴
365 2534 558 2581 Avaritia,
579 2533 660 2570 sine
678 2531 823 2583 moda]
854 2531 968 2568 Modo
986 2532 1018 2568 is
1037 2535 1102 2568 not
1121 2530 1160 2567 in
1180 2530 1358 2569 Cortius's
1377 2529 1526 2576 edition,
1556 2540 1625 2567 nor
1651 2532 1692 2566 to
1717 2529 1764 2566 be

278 2601 394 2639 found
413 2602 588 2645 amongst
606 2597 665 2633 his
685 2602 816 2632 errata
831 2608 845 2637 ;
866 2596 936 2632 but
955 2605 996 2631 as
1015 2594 1044 2631 it
1064 2594 1095 2630 is
1113 2594 1151 2630 in
1171 2593 1222 2630 all
1240 2595 1304 2630 the
1323 2594 1429 2630 other
1447 2593 1604 2630 editions
1623 2592 1665 2629 of
1679 2591 1763 2630 Sal-

279 2664 366 2708 lust,
388 2662 462 2698 and
479 2664 546 2696 not
565 2663 605 2696 at
623 2659 675 2696 all
692 2660 807 2696 taken
835 2659 956 2695 notice
983 2657 1024 2694 of
1037 2658 1090 2705 by
1123 2657 1273 2695 Cottius
1290 2657 1331 2694 in
1361 2657 1421 2694 his
1447 2660 1562 2702 notes,
1591 2667 1648 2691 we
1674 2665 1765 2702 may

280 2725 458 2763 conclude
476 2723 560 2759 that
586 2723 617 2759 it
642 2723 713 2759 has
739 2722 831 2759 been
858 2721 927 2758 left
953 2726 1019 2758 out
1046 2721 1099 2769 by
1117 2720 1301 2766 mistake3
1330 2721 1405 2757 and
1430 2719 1611 2757 therefore
1630 2718 1649 2755 1
1667 2717 1765 2754 have

280 2788 445 2828 restored
461 2784 612 2823 it.-M.
