1889 3191
578 255 856 294 SALLUSTII
888 254 1154 292 CATILINA.
1540 259 1556 292 1
1565 258 1613 293 09

123 379 208 420 est.
281 373 475 434 Semper
509 371 559 418 in
598 372 763 435 praelio
800 389 1075 419 maxumum
1108 378 1179 418 est
1218 371 1494 434 periculum,
1533 372 1612 435 qui

119 458 341 505 maxume
367 457 536 504 timent
556 478 568 513 ;
607 458 801 504 audacia
825 475 910 521 pro
934 474 1069 504 muro
1093 456 1334 504 habetur.⁵
1395 457 1517 504 Cum
1532 473 1613 503 vos

121 541 378 597 considero,
405 542 593 597 milites,
634 550 680 589 et
706 547 812 590 cum
849 543 972 589 facta
1007 550 1162 589 vestra
1197 550 1414 598 aestumo,
1443 559 1615 604 magna

118 643 193 674 me
235 643 342 689 spes
378 627 586 674 victoriae
628 635 773 675 tenet.
844 629 1061 684 Animus,
1108 634 1238 683 aetas,
1277 629 1425 675 virtus
1460 635 1615 674 vestra

116 713 382 759 hortantur.
410 714 637 776 praeterea
661 714 973 769 necessitudo,
1002 731 1107 776 quae
1133 714 1276 760 etiam
1302 713 1494 759 timidos
1519 713 1612 759 for-

118 798 179 844 tis
225 799 351 846 facit.
442 800 568 846 Nam
615 801 871 848 multitudo
916 802 1128 848 hostium
1175 818 1233 848 ne
1281 803 1613 849 circumvenire

119 891 270 946 queat,
298 885 553 947 prohibent
577 887 824 949 angustiae.
899 888 1036 942 Quod
1073 888 1112 933 si
1134 887 1297 933 virtuti
1320 895 1489 934 vestrae
1523 887 1615 934 for-

118 977 236 1016 tuna
280 970 513 1026 inviderit,
564 979 736 1027 cavete,
785 973 925 1017 inulti
972 973 1177 1018 animam
1214 973 1472 1027 amittatis;
1520 971 1611 1018 neu

118 1054 243 1116 capti
276 1054 451 1117 potiuS,
491 1056 626 1102 sicuti
661 1074 842 1119 pecora,
881 1057 1193 1112 trucidemini,
1234 1058 1372 1120 quam
1407 1057 1612 1104 virorum

116 1156 246 1186 more
278 1148 559 1202 pugnantes,
598 1149 839 1188 cruentam
886 1149 1026 1205 atque
1061 1142 1325 1189 luctuosam
1373 1142 1611 1189 victoriam

116 1225 334 1272 hostibus
358 1226 684 1289 relinquatis.’'

184 1312 318 1358 LIX.
358 1312 479 1359 Haec
513 1313 594 1359 ubi
632 1313 764 1369 dixit,
803 1312 1066 1376 paullulum
1107 1320 1439 1369 commoratUS,
1480 1312 1613 1376 signa

117 1414 279 1444 canere
297 1398 463 1461 jubet3
502 1405 642 1461 atque
666 1399 923 1445 instructos
949 1399 1135 1445 ordines
1170 1399 1220 1445 in
1243 1400 1397 1445 locum
1424 1415 1612 1461 aequum

119 1485 340 1533 deducit:
379 1485 487 1533 dein
509 1487 703 1532 remotis
729 1487 940 1532 omnium
976 1487 1123 1548 equis,
1152 1487 1242 1548 quo
1267 1486 1510 1540 militibus,
1540 1501 1614 1530 ex·

119 1579 306 1635 aequato
330 1572 551 1635 periculo,
580 1573 765 1618 animus
790 1573 990 1635 amplior
1025 1579 1163 1627 esset,
1190 1572 1292 1633 ipse
1315 1571 1459 1633 pedes
1485 1587 1614 1616 exer·

119 1659 280 1714 citum,
308 1674 394 1720 pro
417 1658 519 1704 loco
555 1664 695 1719 atque
720 1658 880 1720 copiis,
920 1658 1129 1704 instruit.
1202 1658 1343 1711 Nam,
1371 1657 1442 1702 uti
1466 1656 1614 1718 plani-

119 1744 207 1791 ties
232 1751 331 1791 erat
354 1745 477 1790 inter
501 1744 717 1791 sinistros
733 1745 921 1798 montis,
943 1752 988 1790 et
1014 1744 1070 1789 ab
1091 1742 1252 1789 dextra
1277 1759 1392 1804 rupe
1416 1741 1615 1804 aspera,l

173 1875 188 1896 ⁵
217 1875 397 1912 Audacia
412 1888 488 1923 pro
508 1888 615 1912 muro
635 1875 831 1925 habetata]
865 1876 1031 1914 Gronov.
1060 1876 1100 1911 in
1128 1876 1187 1911 his
1208 1875 1369 1911 Diatrib.
1400 1887 1448 1911 on
1478 1874 1613 1912 Statin.

119 1955 150 1978 c.
173 1943 235 1987 30,
256 1953 291 1988 p.
316 1942 404 1986 192,
425 1942 531 1987 gives
551 1942 628 1977 this
648 1941 894 1987 explanation
915 1941 956 1976 of
970 1941 1074 1977 these
1094 1941 1217 1975 words
1237 1939 1277 1975 of
1294 1939 1458 1976 Sallust:
1493 1940 1514 1958 “
1531 1939 1615 1974 Hoc

118 2012 185 2052 est,
208 2007 272 2054 qui
291 2006 488 2041 audaciam
506 2007 631 2051 habet,
653 2017 806 2041 murum
834 2010 920 2041 ante
941 2017 979 2041 se
1007 2005 1132 2040 habet.
1190 2004 1336 2050 Illoque
1356 2004 1489 2048 modo,
1520 2015 1614 2049 quo-

118 2072 234 2117 niam,
257 2082 337 2118 quoe
356 2069 502 2106 occulte}
522 2076 748 2116 tentaverat,
770 2082 910 2118 aspera
923 2071 1108 2118 foedaque
1136 2074 1349 2114 evenerant,
1370 2069 1409 2104 h.
1431 2080 1461 2103 e.
1482 2066 1616 2113 nequi-

118 2141 176 2172 ter
194 2137 470 2183 expetiverant.
501 2136 729 2182 Propertius.
750 2136 1003 2183 AEternusque
1023 2142 1128 2170 tuam
1150 2139 1288 2180 pascat,
1312 2133 1424 2170 aselle
1441 2132 1617 2168 famem.''

121 2202 286 2239 Gronov.
306 2202 356 2238 ib.
379 2201 555 2247 explains
585 2201 738 2246 Sallust,
762 2201 845 2238 Cat.
877 2212 907 2236 c.
941 2202 974 2246 1,
1007 2198 1248 2234 Divitiarum
1280 2204 1316 2233 et
1324 2199 1463 2245 formae
1488 2197 1614 2244 yloria

109 2268 229 2315 fluxa
263 2268 300 2302 et
322 2266 488 2314 frayilis
521 2271 604 2305 est;
635 2265 756 2301 virtus
790 2265 900 2301 clara
931 2270 1148 2310 <eternaque
1178 2263 1349 2307 liabetur,
1380 2263 1480 2307 thus,
1510 2262 1547 2296 h.
1570 2272 1614 2304 e.,

119 2331 253 2367 Virtus
270 2328 445 2378 gloriose,
467 2335 504 2366 et
523 2335 706 2366 aeternum
725 2330 947 2376 possidetur.
1004 2328 1168 2364 Virtutis
1187 2327 1288 2362 clara
1316 2331 1352 2362 et
1371 2331 1511 2361 aeterna
1530 2337 1616 2372 pos-

121 2396 234 2432 sessio
253 2399 320 2430 est.
379 2395 440 2431 He
459 2396 562 2440 adds,
585 2395 737 2442 Vulgus
766 2394 1033 2441 magistrorum
1052 2393 1123 2428 hoc
1150 2403 1226 2427 non
1254 2391 1443 2438 intelligit.
1503 2390 1522 2425 I
1540 2390 1617 2426 for-

120 2466 188 2510 got
206 2461 282 2497 this
300 2461 412 2496 when
430 2461 585 2508 writing
603 2464 710 2496 notes
730 2471 776 2494 on
797 2460 855 2495 ch.
877 2460 900 2494 i.
923 2459 965 2494 of
981 2457 1166 2495 Can-C.

176 2525 281 2561 LIX.
304 2521 317 2544 ¹
341 2523 449 2558 Inter
477 2524 654 2559 sinistros
683 2523 833 2568 montis,
856 2529 893 2558 et
921 2523 970 2557 ab
990 2522 1128 2557 dextra
1158 2533 1254 2568 rupe
1283 2518 1445 2568 asperti]
1469 2520 1493 2556 ι’.
1515 2533 1545 2556 e.
1568 2522 1615 2557 ab

121 2589 259 2626 dextra
277 2591 465 2626 existente
484 2600 575 2634 rupe
594 2585 736 2633 aspera,
762 2589 900 2623 “there
912 2588 1025 2634 being
1037 2599 1059 2621 a
1073 2598 1218 2633 craggy
1231 2587 1320 2621 rock
1340 2597 1384 2621 on
1406 2586 1469 2622 the
1481 2586 1619 2634 rigbt.’'

122 2653 232 2690 Some
251 2655 406 2690 authors
435 2652 561 2688 would
588 2652 687 2687 have
716 2651 806 2695 said,
831 2650 936 2686 Inter
963 2650 1132 2686 sinistros
1159 2655 1316 2694 montes,
1339 2654 1375 2685 et
1404 2649 1451 2685 ab
1480 2649 1617 2686 dextra

119 2729 250 2764 rupem
269 2729 462 2764 asperam3
492 2717 562 2752 but
580 2716 610 2751 it
628 2716 660 2751 is
681 2714 852 2752 Sallust's
871 2726 959 2762 way
986 2719 1025 2750 to
1053 2714 1185 2761 couple
1212 2714 1354 2751 clauses
1382 2715 1424 2750 of
1447 2714 1618 2751 different

121 2784 386 2820 construction.
445 2781 514 2819 See
532 2781 558 2817 J
562 2793 623 2829 ug.
645 2791 726 2826 cap.
747 2781 798 2816 vi.
819 2784 908 2816 note
930 2779 1077 2816 L—M.

1389 2858 1421 2888 L
