1889 3191
543 193 824 234 SALLUSTII
850 194 1269 233 JUGURTHINUM.
1581 197 1631 232 24
1637 197 1658 231 7

152 319 374 368 noverat3
412 320 572 359 tamen
597 328 680 374 spe
702 311 923 375 patrandi
946 311 1071 366 belli,
1102 310 1142 357 si
1166 310 1266 374 ejus
1290 309 1455 373 oppidi
1477 311 1657 374 potitus

153 399 288 454 foret,
317 414 482 445 omnes
512 397 791 460 asperitates
827 396 1152 460 supervadere,
1182 412 1235 443 ac
1259 403 1476 443 naturam
1514 397 1655 444 etiam

151 485 335 532 vincere
358 484 647 547 adgreditur.
720 484 874 547 Igitur
893 485 1051 530 omnia
1069 484 1286 547 jumenta
1304 483 1497 530 sarcinis
1515 483 1657 530 levari

146 571 298 634 jubet,
324 571 417 618 nisi
438 571 676 617 frumento
712 571 891 618 dierum
918 571 1107 618 decem:
1148 573 1371 617 eaeterum
1406 576 1536 617 utres
1560 586 1658 616 mo-

151 656 224 712 do,
255 664 301 704 et
325 657 417 703 alia
440 673 573 719 aquae
598 657 767 704 idonea
799 658 993 720 portari.
1066 656 1298 703 Praeterea
1332 655 1567 719 conquirit
1602 671 1657 702 ex

150 742 276 805 agris
300 745 441 806 quam
474 743 731 805 plurimum
766 751 924 806 potest
949 743 1116 790 domiti
1149 743 1362 806 pecoris3
1391 742 1534 806 eoque
1569 742 1657 788 im-

150 829 286 891 ponit
308 846 421 875 vasa
461 829 688 893 cujusque
722 829 866 885 modi,
906 830 1128 893 pleraque
1162 830 1333 892 lignea,
1372 828 1564 875 collecta
1602 845 1658 875 ex

152 916 353 979 tuguriis
377 916 711 963 Numidarum.
781 916 861 963 Ad
897 916 1001 972 hoc,
1047 916 1277 962 finitumis
1314 916 1530 978 imperat,
1577 915 1657 978 qui

152 1019 201 1049 se
226 989 333 1065 post
360 1003 504 1066 Regis
528 1003 693 1065 fugam
718 1003 916 1050 Metello
953 1002 1191 1058 dederant,
1232 1001 1373 1065 quam
1397 1001 1655 1064 plurimum

154 1090 351 1152 quisque
388 1105 523 1151 aquae
546 1095 804 1151 portarent,
847 1088 971 1135 diem
1012 1088 1261 1150 locumque
1305 1087 1436 1133 “ubi
1482 1089 1655 1149 praesto

149 1174 317 1229 forent,
357 1171 651 1236 praedieit.”2
721 1174 831 1237 Ipse
867 1190 923 1220 ex
958 1174 1168 1229 flumine,
1209 1190 1350 1237 quam
1375 1189 1655 1236 proxumam

149 1260 324 1323 oppido
349 1276 520 1324 aquam
545 1260 685 1323 supra
720 1260 938 1314 diximus,
958 1260 1176 1323 jumenta
1210 1266 1388 1306 onerat.
1424 1275 1477 1306 eo
1514 1259 1656 1306 modo

147 1347 423 1402 instructus,
463 1346 523 1393 ad
546 1346 747 1393 Thalam
783 1346 1113 1409 proficiscitur.
1186 1345 1389 1402 Deinde,
1415 1345 1498 1392 ubi
1523 1345 1584 1392 ad
1606 1345 1656 1391 id

146 1433 236 1480 loci
260 1439 467 1488 ventum,
508 1433 599 1495 quo
625 1433 848 1479 Numidis
880 1440 1184 1496 praeceperat,
1225 1439 1270 1479 et
1306 1438 1461 1478 eastra
1497 1431 1654 1494 posita

147 1516 421 1580 munitaque
447 1524 586 1572 sunt3
620 1524 753 1563 tanta
787 1519 983 1579 repente
1006 1516 1123 1563 coelo
1160 1516 1304 1563 missa
1326 1516 1396 1562 vis
1422 1532 1556 1579 aquae
1582 1515 1652 1561 di-

149 1602 283 1657 eitur,
305 1610 358 1648 ut
375 1619 428 1649 ea
443 1603 582 1649 modo
603 1603 828 1649 exercitui
848 1605 962 1650 satis
978 1619 1210 1666 superque
1230 1603 1365 1649 foret.
1402 1602 1651 1656 Praeterea,

149 1695 438 1735 commeatur
474 1705 556 1750 spe
591 1689 820 1751 amplior:
860 1689 969 1751 quia
993 1688 1232 1744 Numidae,
1273 1688 1411 1735 sicuti
1446 1688 1656 1750 plerique

148 1862 232 1898 quae
251 1852 299 1888 ad
318 1853 588 1899 educationem,
610 1858 795 1899 ornatum,
818 1858 854 1889 et
885 1852 1206 1900 magnificentimn
1231 1851 1434 1888 liberorum
1453 1851 1570 1897 Regis
1599 1863 1655 1887 re-

150 1917 476 1964 quiruntur.—M.

203 1982 245 2018 F
243 1983 470 2032 iliorumque
503 1984 582 2032 ejus
618 1985 757 2021 multus
784 1984 964 2032 pueritiae
985 1983 1142 2034 cultus]
1173 1984 1262 2020 Add
1281 1989 1320 2020 to
1354 1984 1419 2020 the
1451 1990 1538 2019 note
1559 1983 1655 2018 from

150 2047 311 2093 Cortius,
330 2047 500 2084 Perizon.
521 2060 570 2084 on
590 2048 718 2085 Sanet.
741 2050 776 2093 4,
802 2050 862 2094 10,
886 2049 920 2095 5,
941 2060 977 2095 p.
1002 2049 1091 2095 718,
1116 2049 1199 2084 who
1227 2047 1335 2095 gives
1355 2054 1431 2083 two
1459 2046 1656 2094 examples

146 2111 244 2147 from
264 2111 382 2147 Tacit.
404 2112 447 2147 of
448 2111 543 2158 filii,
565 2111 776 2160 signifying
793 2113 888 2148 both
907 2124 994 2149 sons
1013 2113 1089 2148 and
1108 2112 1326 2159 daughters,
1345 2111 1420 2146 and
1439 2110 1481 2146 of
1486 2110 1653 2158 fratres,

148 2174 329 2222 meaning
347 2186 370 2211 a
389 2175 542 2211 brother
561 2176 637 2211 and
655 2176 774 2212 sister.
814 2175 954 2212 Minut.
976 2175 1096 2212 Felix.
1120 2187 1150 2212 e.
1173 2176 1234 2220 31,
1257 2174 1416 2211 Necesse
1435 2179 1490 2211 est
1510 2175 1549 2209 in
1568 2185 1655 2210 ves-

149 2243 228 2275 tros
247 2251 443 2285 recurrere,
478 2240 519 2291 in
537 2240 650 2288 filios
678 2241 854 2278 inerrare.
915 2241 1136 2287 Tertullian,
1159 2253 1272 2289 quem
1291 2241 1430 2277 Minut.
1461 2240 1651 2283 describit,

150 2302 261 2349 Apol.
282 2315 313 2339 c.
338 2305 400 2347 19,
424 2303 617 2350 Imprimis
638 2303 752 2351 filios
784 2304 1200 2351 exponitis—Alienati
1231 2304 1378 2353 generis
1406 2315 1557 2340 necesse
1586 2308 1652 2347 est,

153 2366 217 2402 ἂρ.
247 2365 390 2403 Amob.
411 2367 476 2404 lib.
498 2370 535 2414 4,
555 2379 592 2414 p.
616 2369 703 2414 137,
726 2368 935 2416 Postquam
950 2369 995 2405 de
1009 2367 1195 2415 Minerva,
1218 2381 1270 2405 ex
1281 2369 1404 2416 capite
1421 2368 1531 2405 Jovis
1549 2375 1651 2414 nata,

149 2428 299 2466 locutus
332 2435 398 2476 est,
434 2431 550 2467 addit.
608 2431 674 2467 Ex
702 2432 825 2478 capite
854 2438 1052 2479 conceptos
1068 2432 1179 2480 filios
1207 2438 1388 2480 procreat.
1446 2433 1471 2470 J
1474 2433 1655 2470 avolenus

151 2493 267 2541 Digg.
288 2493 352 2529 lib.
376 2495 438 2539 50,
461 2494 534 2531 Tit.
559 2496 623 2540 16,
643 2496 706 2541 84,
723 2495 820 2531 Filii
832 2496 1083 2542 appellatione
1103 2508 1232 2533 omnes
1245 2497 1381 2533 liberos
1392 2497 1652 2547 intelligimus.

151 2555 170 2592 I
190 2568 253 2592 am
272 2557 449 2594 indebted
466 2558 524 2593 for
541 2559 648 2594 these
667 2559 864 2606 examples
883 2565 922 2595 to
942 2560 1046 2596 John
1065 2560 1197 2606 Davis,
1219 2573 1269 2597 on
1289 2561 1428 2598 Minut.
1449 2561 1473 2598 l.
1496 2575 1526 2599 c.
1586 2563 1654 2600 See

150 2620 215 2655 the
233 2626 322 2656 note
342 2621 384 2656 of
397 2622 462 2657 the
479 2626 588 2668 great
608 2621 780 2670 Bentley,
802 2628 933 2659 contra
966 2635 1101 2660 aurum
1134 2636 1209 2661 non
1228 2637 1326 2672 cara,
1347 2637 1389 2662 as
1408 2626 1532 2663 Varro
1552 2638 1650 2675 says.

149 2694 197 2719 on
217 2684 420 2721 fortissima
447 2684 764 2731 Tyndaridarum
784 2686 823 2721 in
843 2686 936 2723 Hor.
961 2689 993 2733 l,
1017 2687 1097 2725 Sat.
1121 2691 1155 2734 1,
1183 2700 1221 2725 v.
1245 2689 1435 2728 100.—C.

203 2745 218 2767 ²
247 2746 322 2784 Ubi
333 2747 478 2795 proest&
489 2749 649 2797 fuerint
659 2748 779 2800 prae]
811 2749 873 2786 Ab
902 2750 1025 2788 sciolis
1052 2752 1236 2789 infartam
1262 2765 1342 2791 esse
1360 2755 1467 2792 scias.
1527 2756 1653 2793 Latini
