1889 3191
488 255 762 295 SALLUSTII
789 255 815 292 J
817 254 1199 293 UGURTHmUM.
1509 255 1581 290 149

109 377 221 444 quid
242 391 391 439 agam,
416 380 582 422 tuasne
603 373 796 437 injurias
818 389 1081 436 persequar,
1104 372 1204 435 ipse
1227 371 1385 420 auxilii
1408 387 1549 434 egens
1567 393 1578 426 ;

109 480 170 511 an
190 477 334 525 regno
357 460 609 516 consulam,
635 460 767 523 cujus
790 460 900 506 vitae
922 459 1139 522 necisque
1167 465 1376 522 potestas
1401 473 1457 504 ex
1481 458 1581 519 opi-

106 549 195 596 bus
216 547 378 595 alienis
394 546 584 610 pendet.
633 546 826 592 Utinam
843 545 986 592 emori
1003 545 1202 592 fortunis
1219 544 1337 592 meis
1354 544 1580 591 honestus

105 634 255 682 exitus
278 638 414 689 esset,
440 649 533 680 neu
564 633 714 679 vivere
748 639 1011 679 contemtus
1044 631 1235 687 viderer,
1276 632 1329 688 si,
1366 631 1576 678 defessus

104 719 254 776 maliS,
277 719 459 783 injuriae
494 719 840 767 concessissem.
908 719 1048 765 Nunc
1082 735 1229 782 neque
1263 718 1413 765 vivere
1434 718 1578 772 lubet,

104 882 286 920 ascertain
303 883 483 931 precisely
500 882 604 919 what
621 882 653 919 is
670 882 720 919 its
738 884 968 930 acceptation
982 895 1023 919 or
1040 883 1188 930 import.
1245 883 1317 919 For
1335 882 1520 929 example,
1542 882 1581 917 in

104 947 169 984 the
187 946 391 982 admirable
409 946 630 992 description
657 947 699 983 of
712 947 774 982 the
802 947 1043 993 punishment
1069 946 1232 983 infficted
1259 958 1307 983 on
1325 947 1389 983 the
1417 947 1581 983 children

103 1010 147 1045 of
160 1009 312 1055 Brutus,
333 1010 373 1045 in
392 1009 500 1056 Livy,
521 1009 545 1045 l.
568 1011 602 1054 2,
616 1021 652 1045 v.
668 1010 701 1054 5,
723 1009 895 1046 Nudatos
908 1010 1026 1056 virgis
1041 1011 1198 1056 eaedunt,
1217 1010 1407 1057 securique
1420 1011 1579 1046 feriunt:

104 1084 190 1108 cum
207 1073 304 1109 inter
321 1084 429 1109 omne
447 1078 594 1118 tempus
611 1077 726 1119 pater,
747 1073 950 1121 vultusque
968 1078 1005 1109 et
1023 1074 1114 1121 ejus,
1135 1074 1344 1119 spectaculo
1363 1082 1466 1110 esset.
1489 1075 1581 1109 erni-

103 1141 213 1172 nente
231 1136 357 1171 auimo
369 1136 504 1183 patm'o
531 1135 629 1171 inter
646 1136 803 1181 publicae
830 1148 948 1182 poenae
968 1136 1228 1173 ministerium.
1286 1137 1422 1182 Rollin,
1444 1149 1466 1173 3
1484 1144 1581 1172 most

102 1199 251 1247 elegant
270 1200 344 1235 and
358 1199 498 1235 erudite
516 1210 614 1244 man,
637 1199 818 1245 observes,
839 1200 879 1234 in
897 1200 956 1236 1115
976 1200 1098 1236 Belles
1113 1200 1268 1245 Lettres,
1284 1201 1359 1236 vol.
1378 1203 1409 1246 1,
1432 1213 1466 1247 p,
1490 1202 1578 1243 237,

102 1264 186 1300 that
204 1267 279 1299 two
297 1274 390 1310 very
408 1263 577 1298 different
607 1263 803 1310 meanings
831 1275 892 1299 are
911 1264 1085 1300 attached
1114 1268 1153 1300 to
1171 1264 1212 1301 it.
1270 1264 1343 1300 His
1369 1264 1490 1300 words
1519 1275 1580 1300 are

102 1328 222 1363 these:
254 1326 315 1364 On
332 1327 453 1363 donne
471 1323 494 1361 ὲ
512 1337 572 1362 665
590 1326 752 1362 demiers
770 1332 878 1373 mots,
895 1326 1022 1363 animo
1027 1327 1174 1374 patrio,
1192 1328 1295 1364 deux
1312 1339 1397 1364 sens
1410 1334 1493 1364 tout
1513 1339 1581 1374 op-

101 1391 220 1437 pOSeS.
278 1390 348 1427 Les
365 1402 437 1426 uns
453 1390 673 1437 pretendeut
691 1390 798 1438 qu'ils
827 1391 1016 1439 signifient
1035 1403 1106 1439 que
1124 1392 1217 1428 dans
1236 1397 1332 1428 cette
1359 1392 1526 1428 occasion
1545 1392 1582 1426 13

102 1451 244 1501 qualite
264 1454 309 1491 de
327 1453 456 1490 consul
473 1454 666 1501 l'emporta
685 1466 748 1490 sur
765 1455 855 1491 celle
873 1455 917 1491 de
943 1452 1043 1502 pere,
1065 1460 1101 1492 et
1129 1467 1201 1503 que
1218 1456 1374 1492 l'amour
1393 1457 1437 1492 de
1456 1456 1493 1492 la
1512 1467 1580 1502 pa-

102 1518 171 1554 trie
188 1518 326 1555 etouffa
344 1519 437 1554 dans
455 1518 598 1555 Brutus
615 1522 700 1554 tout
718 1519 917 1555 sentiment
936 1519 980 1554 de
999 1519 1186 1556 tendresse
1204 1531 1297 1567 pour
1315 1531 1381 1556 son
1401 1520 1470 1555 fils.
1529 1519 1580 1556 Ce

101 1593 186 1618 vers
199 1583 245 1618 de
264 1582 417 1630 Virgile,
439 1582 561 1617 vincet
579 1593 686 1617 amor
698 1581 839 1628 patrioe
858 1582 1086 1630 laudumque
1112 1583 1295 1620 immensa
1315 1584 1458 1630 cupido,
1481 1591 1516 1619 et
1545 1584 1579 1619 le

100 1645 290 1683 caractere
322 1641 601 1682 d'insensibilite
622 1650 658 1681 et
677 1646 721 1681 de
744 1642 873 1681 durete
902 1657 974 1692 que
994 1646 1199 1694 Plutarque
1225 1648 1345 1684 donne
1374 1646 1395 1682 ὲ
1424 1647 1577 1692 Brutus,

101 1709 241 1746 semble
259 1709 413 1756 appuier
431 1720 471 1745 ce
497 1710 655 1755 premier
682 1720 776 1746 sens.
834 1709 1018 1755 D'autres,
1041 1722 1090 1747 311
1117 1711 1309 1756 contraire,
1332 1712 1575 1747 soutiennent.

100 1777 140 1810 et
157 1772 238 1810 leur
256 1773 456 1809 sentiment
473 1773 595 1819 paroit
609 1773 693 1809 bien
711 1773 797 1820 plus
810 1773 1018 1810 raisonable
1037 1779 1073 1810 et
1091 1774 1176 1821 plus
1202 1775 1313 1810 fonde
1335 1775 1428 1811 dans
1455 1775 1493 1811 la
1510 1787 1580 1810 na-

100 1842 192 1882 ture,
209 1848 281 1884 que
298 1847 358 1872 ces
376 1841 473 1872 mots
493 1837 683 1885 signifient
698 1837 784 1884 qu'a
798 1842 943 1874 travers
962 1849 1004 1874 ce
1021 1838 1127 1874 triste
1145 1839 1338 1878 ministere
1355 1850 1424 1886 que
1437 1839 1475 1876 la
1486 1851 1580 1886 qua-

99 1899 166 1939 lite
188 1902 232 1937 de
246 1900 375 1937 consul
384 1900 557 1947 imposoit
570 1897 592 1935 3
606 1901 757 1947 Brutus,
775 1901 933 1948 quelque
947 1901 1053 1937 effort
1066 1901 1155 1949 qu’il
1174 1913 1197 1937 3
1209 1902 1254 1938 fit
1267 1914 1360 1949 pour
1376 1905 1581 1950 supprimer

100 1977 142 2002 sa
160 1964 322 2010 douleur,
342 1964 381 2000 13
397 1965 584 2000 tendresse
604 1965 648 2001 de
666 1962 755 2012 pere
774 1964 922 2001 eclatoit
939 1962 1086 2013 malgre
1106 1964 1171 2002 lui.
1210 1965 1262 2002 Et
1279 1966 1314 2002 16
1332 1978 1416 2003 vers
1436 1968 1470 2002 d’
1490 1967 1579 2002 Vir-

100 2028 175 2077 gile
193 2033 357 2075 emporte
374 2028 681 2065 necessairement
699 2040 739 2065 66
766 2040 858 2075 56115,
879 2028 1054 2076 pujsqu'il
1071 2040 1227 2076 marque
1245 2029 1499 2077 qu'-il-aur0it
1526 2043 1579 2067 un

99 2093 249 2130 combat
266 2096 368 2129 entre
385 2091 438 2128 les
452 2093 652 2128 sentimens
666 2093 711 2129 de
728 2092 767 2128 la
778 2097 913 2128 nature
926 2097 965 2129 et
977 2093 1135 2129 l’amour
1149 2094 1193 2130 de
1207 2093 1245 2130 la
1258 2094 1386 2141 patrie,
1402 2100 1437 2131 et
1453 2095 1580 2142 qu’en-

99 2157 152 2193 fin
170 2168 211 2193 ce
228 2157 372 2193 dernier
386 2156 647 2203 l⁷emporteroit
664 2157 788 2192 vincet
802 2168 909 2192 amor
921 2156 1074 2204 patriae.
1119 2157 1312 2203 Villoison‚
1331 2158 1425 2194 after
1435 2159 1580 2206 having

99 2221 264 2257 adduoed
278 2220 354 2256 this
372 2231 474 2257 same
493 2226 663 2257 sentence
679 2221 778 2256 from
797 2220 906 2268 Livy,
926 2220 966 2255 in
983 2220 1042 2256 his
1060 2219 1392 2258 Animadversions
1411 2234 1458 2258 on
1478 2223 1578 2259 Lon—

99 2285 195 2333 giUS,
214 2296 251 2331 p.
267 2284 496 2329 281,writes
514 2285 613 2331 thus,
634 2283 750 2320 Multi
766 2295 832 2331 per
851 2284 966 2320 anim.
982 2284 1158 2330 patrium
1175 2285 1394 2333 intelligunt
1413 2299 1577 2322 amorem

94 2349 244 2396 patr-ize,
265 2348 330 2395 (1111
345 2348 466 2385 victor
483 2348 677 2394 eminebat,
695 2352 731 2384 et
749 2359 897 2384 omnem
914 2352 1109 2394 paternam
1124 2354 1354 2395 oppresserat
1372 2351 1576 2386 caritatem.

99 2411 174 2450 Sed
183 2412 340 2458 patrius
357 2409 418 2447 hic
437 2407 460 2445 ὲ
472 2417 599 2459 patre,
619 2423 695 2447 non
713 2415 841 2447 autem
859 2409 882 2446 ὲ
894 2411 1033 2458 patria
1053 2411 1254 2449 derivatur.
1313 2412 1373 2450 Sic
1390 2412 1528 2450 Seneca
1539 2415 1578 2450 in

99 2485 210 2512 aureo
227 2473 292 2510 ino
309 2473 444 2519 libello,
463 2473 540 2511 Cur
557 2473 766 2510 bonisviris
783 2474 885 2510 mala
902 2474 1020 2519 fiant3
1041 2486 1071 2511 c.
1095 2476 1128 2521 2,
1145 2474 1323 2511 Patrium
1342 2477 1456 2513 habet
1476 2478 1578 2515 Deus

99 2539 277 2576 adversus
293 2538 409 2574 bonos
427 2537 607 2573 animum.
662 2537 719 2573 Id.
741 2537 786 2573 de
806 2536 986 2574 Clement.
1010 2540 1042 2583 1,
1065 2550 1095 2573 6.
1118 2540 1178 2584 14,
1197 2539 1348 2575 Patrem
1360 2542 1490 2586 patriae
1509 2554 1577 2589 ap-

98 2602 291 2650 pellamus,
312 2605 356 2637 ut
374 2600 483 2637 sciret
502 2601 631 2636 datam
657 2600 727 2636 sibi
754 2605 977 2647 potestatem
997 2601 1186 2648 patriam.
1242 2602 1351 2651 Virg.
1371 2604 1456 2640 AEn.
1482 2608 1515 2652 6,
1536 2619 1573 2643 v.

100 2668 161 2712 33,
183 2666 250 2702 Bis
261 2663 404 2713 patriae
422 2663 582 2700 cecidere
599 2675 744 2700 manus.
802 2663 942 2701 Contra
961 2664 1154 2712 Virgilius,
1184 2666 1270 2702 AEn.
1294 2669 1327 2713 6,
1349 2680 1384 2704 v.
1407 2670 1494 2714 824,
1518 2671 1574 2707 De

99 2731 227 2767 eodem
243 2729 356 2766 Bruti
371 2728 470 2765 facto
488 2727 652 2775 loquens,
673 2732 716 2764 ut
733 2727 870 2764 indicet
887 2728 927 2764 in
938 2728 1136 2766 fluctuanti
1150 2731 1274 2766 animo
1293 2732 1402 2768 Bruti
1422 2736 1573 2771 tandem

98 2793 229 2831 vicisse
246 2803 410 2831 amorem
427 2791 568 2840 patriae,
587 2803 664 2829 non
682 2791 781 2838 dicit,
802 2791 895 2829 vicit
912 2803 1017 2830 amor
1028 2793 1195 2841 patrius,
1217 2796 1280 2832 sed
1299 2807 1404 2832 amor
1414 2800 1568 2846 patrioe.

1289 2874 1320 2905 o
1346 2861 1375 2905 2
