1889 3191
325 219 343 252 1
351 218 398 253 66
710 214 771 254 SA
777 215 987 254 LLUSTII
1012 216 1038 253 J
1041 214 1327 255 UGURTHIN
1332 214 1423 252 ΠΜ.

322 347 488 396 neque,
526 337 718 395 propter
756 332 847 379 loci
876 339 1107 388 naturam,
1146 332 1326 379 Cirtam
1361 330 1502 377 armis
1537 344 1802 393 expugnare

321 421 510 479 potest;
546 415 666 461 vallo
705 422 844 477 atque
878 415 1004 460 fossa
1037 413 1211 460 moenia
1248 412 1519 467 circumdat,
1547 411 1690 458 turris
1724 427 1802 458 ex·

321 501 478 556 truit,²
502 513 670 562 easque
686 499 918 561 praesidiis
937 500 1093 544 firmat
1112 517 1121 544 ε
1148 504 1375 560 praeterea
1392 498 1504 553 dies,
1525 503 1701 552 noctes,
1721 502 1803 543 aut

321 603 406 650 per
427 587 535 641 vim,
563 592 644 631 aut
667 584 805 630 dolis³
840 590 1032 639 tentare,
1073 582 1395 630 defensoribus
1429 582 1655 629 moenium
1684 597 1803 644 prae-

322 672 416 718 mia
449 670 602 725 modo,
640 669 779 715 modo
814 668 1113 714 formidinem
1149 673 1396 722 ostentare,
1429 682 1537 713 suos
1570 666 1804 713 hortando

322 757 382 803 ad
424 757 645 802 virtutem
690 755 895 816 erigere3
932 757 1124 816 prorsus
1169 753 1379 799 intentus
1424 758 1592 798 cuncta
1623 768 1803 814 parare.

322 841 577 896 Adherbal,
604 840 686 887 ubi
718 839 938 901 intelligit
961 838 1113 885 omnis
1149 854 1255 884 suas
1280 837 1492 884 fortunas
1526 837 1576 882 in
1598 843 1805 883 extremo

323 927 450 981 sitas,
477 925 664 972 hostem
687 924 926 979 infestum,
955 923 1113 969 auxilii
1148 939 1279 985 spem
1302 923 1492 977 nullam,
1521 922 1715 984 penuria
1736 938 1805 969 re—

322 1028 427 1057 rum
450 1010 814 1057 necessariarum
837 1009 1012 1055 bellum
1047 1008 1171 1054 trahi
1194 1023 1288 1054 non
1310 1023 1448 1069 posse
1469 1027 1480 1062 ;
1519 1022 1575 1054 ex
1608 1006 1697 1062 his,
1726 1006 1807 1069 qui

321 1098 412 1142 una
435 1095 615 1142 Cirtam
648 1093 965 1156 profugerant,
996 1094 1087 1139 duo
1122 1094 1336 1139 maxume
1365 1091 1590 1154 impigros
1615 1091 1802 1153 delegit,

321 1198 401 1228 eos
423 1181 572 1227 multa
594 1178 870 1242 pollicendO,
900 1195 952 1225 ac
975 1178 1240 1225 miserando
1264 1194 1425 1224 casum
1459 1193 1612 1232 suum,
1640 1177 1805 1223 confir·

323 1273 434 1322 mat,
462 1266 529 1312 uti
569 1281 653 1327 per
688 1264 897 1310 hostiurn
937 1264 1222 1310 munitiones
1250 1270 1396 1310 noctu
1429 1262 1489 1309 ad
1522 1278 1804 1325 proxumum

323 1367 463 1405 mare,
494 1349 602 1396 dein
626 1347 826 1394 Romam
849 1354 1113 1410 pergerent.

391 1435 572 1482 XXIV.
607 1433 829 1481 Numidae
853 1434 1012 1496 paucis
1038 1433 1201 1479 diebus
1219 1433 1353 1496 jussa
1376 1432 1610 1480 efficiunt:
1637 1433 1805 1480 litterae

324 1517 605 1564 Adherbalis
649 1517 700 1562 in
735 1523 899 1563 senatu
938 1516 1159 1572 recitatae,
1210 1533 1405 1579 quarum
1441 1518 1671 1564 sententia
1703 1518 1806 1564 haec

324 1603 430 1650 fuit.

393 1694 424 1714 “
442 1688 553 1735 Non
575 1688 680 1734 mea
702 1687 838 1750 culpa
874 1703 997 1750 saepe
1022 1686 1080 1733 ad
1102 1703 1184 1734 vos
1219 1694 1401 1734 oratum
1437 1687 1608 1743 mitto,l
1644 1688 1807 1736 Patres

323 1772 588 1835 conscripti,
617 1772 698 1819 sed
721 1772 790 1818 vis
813 1773 846 1820 J
851 1773 1067 1835 ugurthae
1090 1773 1263 1836 subigit
1285 1792 1294 1819 :
1333 1789 1470 1836 quem
1494 1780 1626 1820 tanta
1646 1773 1807 1822 lubido

323 1857 651 1921 exstinguendi
673 1873 747 1904 me
781 1857 964 1912 invasit,
993 1858 1060 1903 uti
1095 1875 1244 1921 neque
1279 1875 1374 1914 VOS,
1402 1875 1552 1921 neque
1576 1859 1687 1906 deos
1721 1860 1806 1906 im-

322 1943 534 1990 mortalis
556 1943 606 1990 in
628 1942 783 1989 animo
806 1942 974 1989 habeat
997 1963 1008 1997 ;
1042 1944 1316 2006 sanguinem
1348 1960 1519 2000 meum,
1547 1943 1687 2007 quam
1710 1960 1806 1991 om-

325 2029 403 2075 nia
425 2029 570 2075 malit.
618 2029 783 2091 Itaque
801 2028 1016 2091 quintum
1035 2028 1133 2090 jam
1152 2045 1360 2076 mensem
1385 2029 1537 2076 socius
1561 2036 1606 2076 et
1631 2028 1806 2075 amicus

324 2115 487 2177 populi
510 2115 712 2162 Romani
735 2114 876 2161 armis
911 2114 1129 2161 obsessus
1166 2121 1327 2161 teneor
1350 2134 1362 2168 3
1394 2130 1544 2176 neque
1567 2114 1687 2161 mihi
1710 2113 1805 2161 Mi-

376 2320 391 2342 ¹
417 2319 551 2358 Turris
570 2321 748 2372 extruit]
773 2322 852 2359 The
872 2326 994 2356 turres
1013 2323 1099 2358 here
1118 2333 1179 2358 are
1206 2326 1273 2358 not
1304 2322 1368 2358 the
1387 2325 1510 2356 turres
1529 2318 1682 2356 mobiles
1700 2330 1806 2356 men-

324 2386 448 2423 tioned
466 2385 506 2421 in
525 2396 605 2432 cap.
629 2386 690 2431 21,
711 2386 781 2422 but
799 2385 911 2430 fixed,
933 2384 1045 2431 being
1066 2384 1162 2421 built
1180 2385 1221 2420 of
1235 2385 1351 2430 earth,
1369 2384 1444 2420 and
1458 2384 1602 2420 erected
1620 2382 1755 2430 chiefly
1768 2387 1807 2418 to

324 2462 450 2488 secure
468 2451 532 2488 the
550 2456 727 2498 rampart,
749 2451 863 2496 ditch,
886 2451 960 2486 and
978 2452 1085 2487 other
1103 2451 1237 2496 works,
1268 2450 1417 2497 against
1445 2448 1568 2486 sanies
1595 2448 1636 2484 of
1650 2448 1714 2485 the
1741 2447 1807 2483 be-

325 2516 449 2563 sieged
465 2515 563 2551 from
580 2515 722 2562 within,
744 2527 786 2553 or
807 2515 955 2552 attacks
975 2514 1017 2551 of
1031 2515 1128 2551 their
1145 2515 1283 2551 friends
1302 2515 1377 2550 and
1395 2513 1500 2550 allies
1517 2513 1614 2549 from
1633 2511 1801 2549 without.

328 2579 435 2615 —M.

379 2639 394 2660 ³
414 2643 495 2677 Aut
506 2654 580 2688 per
599 2643 683 2688 vim,
706 2648 774 2679 aut
793 2642 925 2693 dolis]
958 2643 1044 2680 Via.
1065 2647 1151 2680 note
1170 2654 1218 2679 on
1236 2654 1317 2689 cap.
1337 2641 1472 2679 7.--C.

381 2707 531 2744 XXIV.
561 2704 573 2728 ¹
604 2709 765 2745 Oratam
785 2708 926 2758 mitta]
960 2709 1027 2747 See
1047 2721 1125 2756 cap.
1149 2710 1210 2754 22,
1232 2713 1318 2745 note
1338 2706 1485 2743 2.-M.
