1889 3191
248 215 326 250 248
632 214 910 254 SALLUSTII
937 216 963 254 J
966 215 1354 255 UGURTHINUM.

249 332 299 377 in
322 331 442 378 nova
465 330 715 388 deditione,
741 332 893 380 officia
907 332 1240 380 intenderant-³
1310 332 1546 380 Caeterum
1563 331 1737 379 milites

248 415 471 479 religione
515 417 675 479 pluvia
713 416 862 480 magis
899 417 1001 464 usi:
1039 434 1183 480 eaque
1216 434 1291 465 res
1329 417 1532 464 multum
1569 417 1738 463 animis

247 516 408 547 eorum
432 501 645 556 addidit3
682 518 793 547 nam
833 501 924 547 rati
970 517 1070 548 sese
1111 502 1183 548 dis
1219 502 1564 549 immortalibus
1610 517 1734 549 curae

248 601 364 632 esse.
432 585 617 631 Deinde
638 591 828 646 postero
853 584 941 640 die,
970 591 1134 631 contra
1167 586 1435 647 opinionem
1464 586 1732 649 Jugurthae,

248 670 309 717 ad
331 669 528 716 Thalam
551 669 842 730 perveniunt.
913 669 1165 731 Oppidani,
1194 670 1274 732 qui
1296 686 1344 716 se
1367 671 1576 718 locorum
1599 688 1732 735 aspe-

248 754 385 799 ritate
409 753 616 799 munitos
639 753 944 808 crediderant,
972 754 1143 816 magna
1176 761 1315 816 atque
1338 754 1526 801 insolita
1548 772 1597 802 re
1632 773 1734 819 per-

248 838 378 892 culsi,
408 838 552 883 nihilo
580 839 768 900 segnius
789 838 963 885 bellum
999 855 1192 901 parare:
1229 839 1354 886 idem
1377 841 1526 886 nostri
1564 841 1728 888 facere.

314 922 542 969 LXXVI.
581 923 672 969 Sed
716 923 817 970 Rex
850 923 970 970 nihil
1002 923 1102 986 jam
1132 924 1372 970 infectuml
1408 925 1603 972 Metello
1639 942 1734 972 cre·

248 1008 379 1064 dens,
408 1008 580 1071 quippe
605 1009 684 1071 qui
708 1008 876 1064 omnia,
905 1024 1047 1064 arma,
1073 1007 1207 1065 tela,²
1229 1009 1370 1065 locos,
1399 1016 1627 1072 tempora,
1655 1010 1733 1057 de-

249 1188 359 1233 enim,
381 1194 418 1225 et
436 1188 618 1235 imprImis
639 1188 849 1235 Sallustius,
871 1190 979 1235 diem,
1001 1190 1125 1227 locum
1143 1191 1376 1237 constituere,
1399 1196 1466 1228 aut
1485 1192 1605 1228 dicere
1623 1203 1733 1228 usur-

247 1259 349 1300 pant,
385 1258 429 1290 ut
456 1254 673 1301 intelligant
702 1255 810 1301 diem,
833 1267 906 1303 quo
936 1257 1004 1301 die,
1026 1260 1063 1292 et
1091 1255 1226 1302 locum,
1248 1257 1296 1292 ad
1315 1268 1427 1304 quem
1444 1257 1568 1293 locum
1596 1269 1731 1305 aquam

246 1324 448 1366 portarent.
506 1321 599 1356 Haec
616 1320 844 1368 intelligunt,
865 1333 940 1357 non
965 1322 1306 1368 exprimunt—M.

299 1382 314 1404 ⁸
343 1384 480 1431 Officia
499 1383 778 1433 intenderant]
811 1385 1007 1422 Intendere
1039 1390 1096 1422 est
1127 1398 1272 1433 augere,
1303 1384 1449 1433 prolixe
1478 1387 1617 1424 facere:
1647 1387 1732 1434 plus

246 1452 470 1496 adtulerant,
491 1462 604 1498 quam
622 1452 719 1498 jussi
738 1452 967 1487 erant.—-M.
1014 1472 1017 1474 -

300 1515 484 1551 LXXVI.
517 1511 527 1533 ¹
552 1513 774 1563 Infectam]
807 1514 967 1552 Turneb.
988 1515 1190 1552 Adversar.
1220 1516 1285 1552 lib.
1310 1517 1345 1561 3,
1375 1528 1406 1552 c.
1440 1518 1499 1560 15,
1530 1517 1598 1552 has
1626 1517 1731 1553 these

244 1579 375 1624 words,
399 1579 444 1615 Id
463 1584 528 1624 est,
550 1578 643 1613 nibil
662 1589 739 1614 esse
759 1582 905 1623 putans,
923 1579 1022 1624 quod
1041 1591 1115 1614 non
1130 1580 1270 1615 efficere
1285 1579 1460 1615 Metellus
1479 1584 1614 1625 posset.
1643 1579 1731 1615 Nou

243 1642 352 1678 video
371 1642 470 1678 enim
489 1654 571 1689 qnae
591 1641 665 1676 alia
693 1641 732 1676 in
751 1652 793 1676 eo
812 1640 892 1677 loeo
925 1642 973 1677 sit
991 1642 1059 1687 vis,
1081 1647 1118 1678 et
1147 1643 1248 1678 notio
1268 1643 1349 1689 ejus
1376 1643 1574 1687 voeabuli3
1604 1643 1682 1678 and
1709 1654 1732 1678 a

243 1705 341 1741 little
360 1705 492 1750 above,
513 1705 560 1740 he
579 1715 666 1751 says
694 1703 874 1752 infectum
903 1715 1001 1740 novo
1029 1705 1192 1751 quodam
1219 1706 1339 1751 modo,
1360 1716 1436 1741 non
1463 1705 1563 1752 quod
1589 1705 1731 1741 factum

243 1779 318 1804 non
337 1773 403 1813 est,
423 1768 487 1804 sed
507 1768 584 1803 fieri
603 1778 677 1803 non
697 1771 828 1813 potest,
850 1767 939 1802 dicit
962 1766 1044 1816 (up.
1068 1766 1181 1816 Sall.)
1239 1768 1381 1804 Eodem
1399 1768 1520 1813 modo,
1537 1767 1730 1804 continues

244 1834 329 1869 that
347 1838 454 1881 great
472 1843 572 1878 man,
593 1837 630 1868 et
649 1837 850 1877 corruptus
870 1833 917 1868 ab
937 1844 979 1868 eo
998 1838 1202 1879 usurpatur
1221 1834 1259 1869 in
1278 1833 1443 1869 oratione
1463 1833 1612 1879 Lepidi:
1646 1835 1667 1851 “
1683 1844 1729 1868 ne

244 1895 345 1931 alius
365 1896 483 1932 alium
497 1894 713 1942 principem
734 1900 978 1942 eoepcctantes
998 1894 1088 1930 ante*
1110 1896 1331 1942 capiamini,
1366 1908 1442 1932 non
1470 1896 1603 1942 opibus
1636 1894 1726 1942 ejus,

244 1960 472 2008 quaesutiles
491 1965 527 1995 et
545 1964 732 2006 corruptae
760 1964 858 2005 sunt,
879 1960 946 1994 sed
977 1965 1102 1995 vestra
1134 1961 1322 2006 socordia,
1352 1973 1466 2008 quam
1496 1966 1650 2008 captum
1678 1959 1729 1994 iri

243 2025 332 2060 licet
349 2025 384 2060 :'’
402 2025 439 2060 id
459 2029 525 2070 est,
545 2028 589 2060 ut
607 2024 661 2060 ita
679 2024 811 2069 dicam,
833 2024 1107 2071 corruptibiles,
1124 2036 1208 2071 quae
1227 2025 1413 2071 eorrumpi
1430 2022 1539 2060 facile
1559 2028 1725 2071 possunt.

245 2090 295 2126 So
314 2090 338 2126 J
342 2101 403 2137 ug.
425 2101 455 2125 c.
479 2090 540 2134 91,
562 2089 600 2124 in
618 2089 695 2133 fin„
719 2087 1018 2135 Genus—neque
1045 2090 1232 2135 beneficio,
1254 2101 1372 2137 neque
1391 2094 1495 2125 metu
1514 2089 1724 2134 coercitum,

243 2157 367 2192 which
387 2156 553 2192 Perizon.
574 2155 771 2201 interprets
790 2165 838 2190 on
859 2154 984 2191 Sanct.
1006 2155 1165 2191 Minerv.
1187 2155 1250 2192 lib.
1277 2158 1308 2201 1,
1330 2167 1360 2192 c.
1381 2156 1441 2201 15,
1463 2167 1498 2202 p.
1516 2156 1603 2192 137.
1633 2155 1723 2202 Jug.

244 2234 275 2258 c.
299 2224 333 2268 2,
354 2221 516 2258 Animus
534 2222 788 2267 incorruptus,
810 2225 979 2266 aeternus,
1000 2220 1067 2257 διο.
1124 2221 1294 2257 Kritzius
1311 2222 1381 2257 has
1405 2221 1518 2268 given
1538 2232 1562 2257 a
1578 2222 1726 2269 variety

245 2289 286 2324 of
299 2288 503 2335 examples,
526 2289 600 2323 and
627 2288 717 2324 cites
736 2287 962 2324 Boetticheri
982 2288 1108 2324 Lexie.
1167 2288 1284 2324 Tacit.
1314 2300 1351 2323 v.
1382 2283 1551 2334 particip.
1572 2299 1608 2323 n.
1632 2288 1665 2333 3,
1687 2300 1723 2334 p.

245 2354 345 2397 3403
376 2351 593 2388 Ruddiman
623 2350 790 2386 Institut.
812 2350 939 2388 Gram.
973 2351 1037 2387 vol
1064 2353 1098 2397 2,
1133 2363 1169 2398 p.
1205 2353 1307 2396 3743
1338 2353 1373 2396 4,
1399 2354 1431 2397 1,
1453 2351 1620 2388 Perizon.
1651 2353 1726 2388 and

244 2415 379 2452 Bauer.
400 2416 448 2451 ad
468 2415 593 2452 Sanet.
613 2414 774 2449 Minerv.
796 2425 836 2450 as
855 2415 973 2451 above
989 2429 997 2460 ς
1027 2416 1103 2450 and
1122 2415 1273 2451 Weberi
1291 2414 1499 2451 Exercitat.
1522 2415 1621 2463 Styli
1641 2415 1724 2451 Lat.

242 2478 316 2514 vol.
341 2481 374 2523 1,
395 2490 430 2524 p.
454 2479 541 2521 119,
562 2482 649 2513 note
682 2478 755 2522 323
786 2477 1009 2525 Heusinger.
1031 2479 1079 2514 ad
1099 2477 1175 2515 Cic.
1198 2477 1271 2515 Off.
1297 2480 1328 2522 1,
1368 2480 1427 2524 17,
1451 2479 1485 2514 9.
1544 2477 1605 2514 He
1633 2478 1724 2514 then

241 2541 331 2576 cites
351 2541 534 2578 Buttman
569 2541 643 2576 and
661 2540 867 2576 Matthiae's
887 2540 1010 2578 Greek
1030 2541 1240 2580 Grammar,
1273 2544 1312 2576 to
1341 2551 1456 2586 prove
1487 2541 1572 2577 that
1601 2539 1725 2578 Greek

241 2605 371 2640 verbal
398 2605 599 2652 adjectives
625 2605 664 2640 in
685 2602 744 2645 τὸς
764 2615 826 2640 are
853 2605 1036 2653 similarly
1054 2607 1154 2642 used.
1213 2605 1291 2641 But
1310 2605 1477 2641 Perizon.
1494 2606 1563 2642 has
1581 2606 1676 2642 done
1694 2606 1725 2641 it

243 2680 291 2705 on
312 2668 454 2714 Samot„
475 2670 500 2705 1.
521 2682 551 2705 c.
611 2669 800 2718 Infectam
818 2682 910 2719 may
928 2672 974 2708 be
992 2671 1171 2707 rendered
1188 2670 1587 2718 impracticable.—C.

294 2731 310 2753 ²
328 2735 464 2779 Arma,
487 2732 598 2782 tela]
630 2735 684 2771 As
716 2747 822 2772 arma
851 2737 1002 2773 denotes
1038 2736 1224 2773 defensive
1261 2747 1421 2782 armour,
1455 2737 1530 2773 and
1556 2736 1632 2772 tela
1658 2736 1726 2773 the
