1889 3191
593 244 873 290 SALLUSTII
902 245 1177 289 CATILINA.
1589 252 1638 288 99

147 367 483 434 rempublicam
505 367 556 415 in
577 369 813 416 maxumis
838 384 965 432 saepe
987 367 1209 432 periculis
1234 382 1490 415 servavere.
1530 368 1642 415 Non

142 454 277 511 votis,
304 471 455 518 neque
479 454 723 518 suppliciis
740 454 1050 501 muliebribus
1074 453 1245 501 auxilia
1262 452 1455 500 deorum
1475 469 1640 516 paran-

141 546 246 587 tur:
282 539 534 603 vigilando,
562 540 758 603 agendo,
784 541 901 588 bene
925 539 1211 587 consulendo
1234 554 1460 602 prospera
1484 539 1641 585 omnia

141 625 347 674 cedunt:
389 626 472 673 ubi
511 626 738 674 socordiae
769 633 816 674 te
851 634 991 690 atque
1026 626 1230 689 ignaviae
1265 625 1530 682 tradideris,
1555 641 1636 672 ne-

140 711 396 775 quidquam
421 712 534 760 deos
567 697 791 777 implores
809 734 821 769 ;
859 712 967 760 irati
1001 713 1255 776 infestique
1292 719 1419 759 sunt.
1491 712 1638 775 Apud

138 797 361 861 majores⁷
398 806 587 846 nostros
633 799 691 846 T.
734 799 947 846 Manlius
986 799 1256 862 Torquatus
1296 798 1420 845 bello
1458 797 1638 845 Gallico

139 883 290 931 filium
317 900 469 941 suum,
498 885 625 948 quod
647 885 687 932 is
713 893 877 933 contra
899 885 1151 948 imperium
1175 885 1224 932 in
1247 885 1434 932 hostem
1458 901 1639 949 pugna-

137 975 280 1025 verat,
307 970 464 1017 necari
480 970 642 1034 jussit.
667 977 806 1034 atque
829 970 906 1017 ille
930 970 1144 1034 egregius
1180 970 1449 1018 adolescens
1471 971 1638 1018 immo-

138 1054 312 1102 deratae
354 1055 647 1102 fortitudinis
670 1063 823 1103 morte
845 1072 1012 1118 poenas
1049 1056 1196 1102 dedit.
1222 1072 1305 1102 vos
1331 1056 1388 1102 de
1413 1056 1638 1103 crudelis-

138 1141 285 1187 sumis
307 1141 553 1204 parricidis
589 1141 703 1204 quid
738 1141 972 1196 statuatis,
1010 1140 1336 1189 cunctamini?
1406 1141 1638 1189 Videlicet

135 1226 231 1273 vita
254 1234 423 1274 caetera
446 1244 608 1274 eorum
642 1227 754 1274 huic
789 1227 951 1274 sceleri
986 1227 1158 1275 obstat.
1230 1227 1422 1284 Veram,
1460 1229 1638 1291 parcite

138 1311 357 1375 dignitati
381 1313 587 1370 Lentuli,
616 1313 657 1360 si
689 1313 792 1377 ipse
826 1313 1085 1377 pudicitiae,
1114 1313 1154 1360 si
1188 1313 1328 1361 famae
1353 1330 1467 1370 suae,
1497 1314 1537 1361 si
1563 1314 1635 1361 dis

134 1406 217 1445 aut
241 1399 514 1447 hominibus
537 1417 748 1464 unquam
770 1400 880 1447 ullis
903 1400 1114 1463 pepercit
1133 1419 1143 1446 :
1181 1400 1411 1463 ignoscite
1436 1400 1638 1464 Cethegi

136 1484 498 1542 adolescentiae3
536 1486 630 1533 nisi
667 1484 841 1534 iterum
875 1486 1043 1549 patriae
1079 1486 1256 1533 bellum
1290 1485 1439 1533 fecit.⁸
1508 1486 1637 1534 Nam

136 1572 249 1636 quid
274 1589 359 1636 ego
395 1572 452 1620 de
478 1573 695 1630 Gabinio,
741 1573 943 1629 Statilio,
972 1572 1192 1636 Coepario
1225 1570 1425 1636 loquar?
1463 1572 1635 1636 quibus

134 1657 177 1706 si
199 1657 455 1724 quidquam
479 1675 687 1724 unquam
711 1659 849 1723 pensi
871 1657 1054 1716 fuisset,
1077 1674 1173 1706 non
1197 1675 1250 1706 ea
1274 1658 1469 1706 consilia
1484 1657 1541 1707 de
1565 1674 1634 1706 re-

187 1824 201 1844 '
221 1825 343 1874 Apud
358 1826 523 1874 majores
542 1830 704 1872 nostros,
729 1824 817 1876 δια]
851 1824 1009 1873 Crispus
1026 1825 1059 1863 is
1077 1824 1205 1873 guilty
1223 1825 1266 1862 of
1289 1836 1312 1861 a
1331 1824 1484 1873 glai-ing
1512 1824 1633 1861 histo-

131 1892 225 1930 rical
242 1904 344 1930 error
361 1893 460 1930 here.
500 1892 570 1930 See
589 1891 758 1929 Perizon.
780 1891 987 1929 Animadv.
1009 1891 1153 1930 Histor.
1175 1903 1205 1928 c.
1229 1892 1263 1937 2,
1285 1902 1321 1938 p.
1344 1891 1406 1936 48,
1430 1891 1493 1926 49.
1543 1890 1635 1927 This

133 1962 244 2007 great
262 1957 410 1995 scholar
441 1969 540 2006 sayS,
573 1957 681 1993 Idem
713 1957 913 1994 dicendum
944 1956 1041 1993 mihi
1058 1956 1209 1993 videtur
1239 1956 1285 1992 de
1313 1955 1389 2001 ino,
1421 1955 1486 2003 qui
1517 1955 1636 1992 fertur

132 2022 314 2059 Romana
339 2022 492 2070 primus
524 2021 566 2057 in
586 2021 782 2069 Historia,
806 2021 938 2070 Crispo
967 2021 1158 2067 Sallustio,
1180 2019 1270 2057 cum
1301 2021 1341 2057 in
1374 2020 1420 2057 B.
1453 2020 1564 2058 Catil.
1595 2021 1636 2056 in

133 2091 226 2124 orat.
243 2087 399 2125 Catonis
416 2098 469 2124 ex
481 2086 733 2134 superioribus
745 2087 878 2124 seculis
892 2087 1028 2134 repetit
1045 2086 1191 2123 factum
1206 2085 1398 2134 Torquati,
1416 2085 1483 2133 qui
1499 2085 1631 2131 filium,

132 2148 238 2200 quod
254 2152 400 2201 injusso
419 2163 487 2188 suo
506 2151 547 2187 in
563 2152 711 2188 hostem
729 2156 980 2199 pugnaverat,
996 2162 1144 2188 summo
1159 2150 1296 2187 adfecit
1315 2150 1508 2197 supplicio.
1549 2150 1634 2195 Qua

130 2216 172 2254 in
188 2228 229 2254 re
246 2217 574 2254 commemoranda
591 2216 650 2254 bis
669 2216 693 2252 ὲ
704 2219 926 2253 caeterorum
943 2226 1136 2262 consensu,
1154 2220 1197 2252 ut
1212 2215 1428 2252 observavit
1438 2216 1522 2263 jam
1538 2215 1632 2254 Cas—

131 2282 318 2330 tilioneus,
340 2282 507 2320 discedit.
564 2281 681 2330 Apud
699 2283 862 2331 majores
880 2286 1038 2328 nostros,
1060 2282 1196 2330 inquit,
1219 2280 1268 2318 A.
1289 2281 1467 2328 Manlius,
1492 2281 1567 2327 &c.‚
1590 2293 1632 2319 as

131 2349 173 2386 in
199 2349 264 2385 the
290 2352 388 2385 text.
443 2348 567 2396 Atqui
587 2348 677 2394 Cic„
709 2348 792 2385 Liv.
814 2348 953 2395 Valer„
986 2348 1098 2394 Flor„
1121 2347 1276 2394 Gellius,
1300 2348 1464 2394 Orosius,
1487 2347 1631 2394 Victor,

133 2424 263 2452 omnes
281 2414 376 2450 bello
396 2412 544 2450 Latino
564 2414 605 2450 id
616 2414 793 2450 accidiffle
809 2417 1031 2459 memorant,
1053 2417 1091 2450 et
1109 2413 1310 2450 Fastorum
1330 2412 1634 2459 Triumphalium

132 2478 279 2517 Auctor
305 2478 376 2515 hoc
404 2490 490 2515 eum
519 2490 618 2515 anno
646 2479 692 2515 de
712 2477 884 2523 Latinis,
914 2477 1138 2524 Campanis,
1162 2477 1346 2523 Sidicinis
1368 2476 1635 2525 Auruncisque

132 2543 384 2590 triumphasse
401 2543 537 2590 prodit.
595 2541 787 2593 It2should
804 2544 852 2579 be
878 2541 921 2578 T.
943 2543 1018 2578 and
1035 2546 1104 2578 not
1123 2542 1172 2578 A.
1193 2542 1521 2589 Torquatus—C.

187 2605 203 2628 ⁸
224 2606 318 2643 Nisi
336 2605 474 2643 iter-itm
486 2606 632 2654 patriae
652 2607 787 2642 bellum
797 2604 932 2655 ficia]
965 2605 1076 2643 Some
1094 2606 1207 2642 think
1222 2605 1413 2655 Cethegus
1431 2607 1509 2643 had
1526 2606 1631 2648 sided

132 2673 231 2710 with
248 2671 394 2708 Marius
411 2670 452 2706 in
470 2670 536 2707 the
555 2670 645 2706 civil
662 2681 781 2706 wars:
812 2670 938 2706 others
965 2669 1055 2706 take
1072 2669 1179 2706 what
1205 2670 1237 2707 is
1255 2670 1343 2706 here
1370 2670 1451 2707 said
1469 2675 1509 2707 to
1536 2670 1630 2708 refer

131 2742 173 2775 to
191 2737 258 2775 the
275 2735 496 2783 conspiracy
516 2735 558 2771 of
571 2734 670 2780 Piso,
692 2734 908 2772 mentioned
927 2745 1007 2782 cap.
1029 2734 1138 2771 xviii.
1159 2734 1198 2771 in
1217 2735 1343 2772 which
1361 2735 1453 2785 they
1472 2747 1541 2784 say
1556 2735 1629 2774 Ce-

133 2802 270 2850 thegus
288 2812 367 2839 was
385 2798 711 2837 concernat-M.
