1889 3191
522 215 803 254 SALLUSTII
829 215 854 251 J
860 215 1249 254 UGURTHINUM.
1558 219 1634 254 249

133 333 274 396 nique
314 339 531 380 naturam
571 332 740 394 ipsam,
782 331 965 378 caeteris
994 331 1359 395 imperitantem,
1398 333 1631 382 industria

129 419 316 474 vicerat,
344 434 452 464 cum
486 416 645 463 liberis
681 421 728 463 et
762 417 934 478 magna
967 424 1101 480 parte
1135 418 1349 480 pecuniae
1373 434 1430 465 ex
1453 419 1628 481 oppido

129 510 272 549 noctu
295 501 537 565 profugit:
577 517 728 565 neque
762 502 927 564 postea
949 503 999 548 in
1033 502 1129 549 ullo
1164 502 1266 550 loco
1301 503 1504 566 amplius
1539 507 1633 550 una

129 588 218 643 die,
246 594 328 635 aut
352 588 447 635 unii
469 595 606 635 nocte
641 595 869 644 moratuS,
899 588 1153 636 simulabat
1189 605 1291 636 sese
1326 589 1505 652 negotii
1527 606 1631 653 gra-

125 674 191 721 tia
208 690 461 738 properare
480 693 489 721 :
509 673 732 722 caeterum
751 673 1068 737 proditionem
1084 674 1294 732 timebat,
1318 692 1458 739 quam
1482 675 1629 723 vitare

123 777 262 823 posse
281 760 518 808 celeritate
542 760 741 824 putabat
761 781 773 816 3
801 777 911 806 nam
935 760 1048 807 talia
1070 761 1264 807 consilia
1281 777 1364 824 per
1386 762 1551 818 otium,
1581 770 1628 809 et

124 863 180 893 ex
194 847 547 910 opportunitate
563 846 683 910 capi.
732 847 799 894 At
819 846 1060 904 MeteUUS‚
1080 848 1163 894 ubi
1181 848 1443 911 oppidanos
1458 849 1622 912 praelio

119 933 345 989 intentos,
364 933 505 980 simul
529 932 754 995 oppidum
775 940 822 980 et
847 933 1082 996 operibus,
1103 940 1149 980 et
1175 933 1276 981 loco
1299 936 1539 982 munitum
1554 935 1620 982 vi-

119 1019 213 1075 det,
232 1020 354 1066 vallo
370 1020 587 1082 fossaque
605 1020 782 1066 moenia
795 1020 1116 1067 circumvenit.
1144 1022 1331 1069 Deinde
1346 1022 1460 1068 locis
1477 1039 1533 1069 ex
1549 1039 1624 1070 co-

117 1106 196 1169 pia
211 1107 431 1153 maxume
447 1105 649 1153 idoneis3
665 1107 823 1153 vineas
839 1123 988 1170 agere,
1004 1123 1222 1170 aggerem
1232 1108 1400 1172 jacere,
1418 1116 1464 1156 et
1482 1126 1622 1172 super

117 1209 336 1256 aggerem
370 1192 607 1255 impositis
644 1193 853 1239 turribus
888 1210 1007 1256 opus
1033 1201 1080 1240 et
1114 1194 1421 1242 administros
1457 1197 1617 1242 tutari.

117 1279 295 1325 Contra
318 1279 422 1325 haee
446 1277 672 1341 oppidani
695 1278 932 1334 festinare,
961 1296 1123 1342 parare
1143 1299 1153 1326 x
1181 1284 1372 1343 prorsus
1397 1282 1454 1328 ab
1478 1283 1621 1329 utris-

113 1380 203 1427 que
227 1364 348 1411 nihil
372 1364 604 1428 reliquum
639 1364 754 1411 fieri.
822 1365 1038 1429 Denique
1063 1366 1280 1423 Romani,
1320 1367 1471 1415 multo
1506 1370 1618 1416 ante

111 1450 270 1496 labore
292 1450 563 1513 praeliisque
597 1449 820 1512 fatigati‚⁴
841 1458 951 1513 post
987 1451 1085 1498 dies
1121 1453 1445 1516 quadraginta,
1476 1458 1615 1517 quam

112 1603 291 1639 offensive
311 1614 352 1638 or
386 1602 547 1648 missive,
583 1603 676 1650 they
695 1614 786 1650 may
804 1603 892 1639 here
925 1604 970 1640 be
998 1605 1115 1640 taken
1134 1610 1173 1640 to
1191 1605 1332 1652 import
1351 1606 1520 1642 defenees
1539 1608 1615 1643 and

112 1667 387 1706 attacks—M.

163 1729 178 1751 ³
198 1731 318 1767 Locis
337 1743 385 1766 ez·
406 1731 502 1777 σορᾶ
522 1728 701 1766 maxume}
722 1729 905 1780 idoneis]
937 1732 1002 1768 Ex
1030 1733 1133 1768 omni
1152 1732 1260 1780 eopia
1277 1734 1455 1782 locorum,
1477 1738 1614 1783 quibus

109 1797 240 1833 vineas
258 1808 368 1844 agere
386 1796 530 1843 potuit:
559 1807 680 1842 neque
698 1792 790 1832 vero
810 1797 855 1832 iis
874 1797 1001 1833 omnia
1019 1797 1100 1834 loca
1119 1804 1209 1844 apta
1228 1801 1457 1837 erant.--M.

162 1860 176 1881 ⁴¹
198 1860 325 1897 Multo
347 1865 437 1896 ante
457 1859 589 1896 labore
600 1859 1015 1909 proeliisquefatiyati,
1040 1860 1127 1911 &c.]
1154 1862 1300 1898 “After
1317 1864 1431 1911 being
1450 1864 1614 1912 heartily

107 1929 204 1965 tired
222 1927 317 1963 with
334 1925 450 1961 much
467 1925 642 1971 previous
660 1925 861 1972 fighting.⁷’
919 1925 1141 1963 Gerlaehius
1159 1928 1310 1964 renders
1325 1928 1390 1964 the
1408 1928 1512 1964 three
1530 1928 1613 1965 first

105 1995 229 2032 words
247 1995 327 2029 into
349 1992 483 2039 Greek,
507 1991 644 2039 πολλῷ
664 1989 806 2044 π’ςὸςθεν
827 1989 934 2040 πὸνῳ,
958 1993 1011 2040 by
1029 1994 1093 2029 the
1111 1993 1232 2041 figure
1244 1993 1410 2040 hyphen.
1470 1993 1550 2029 The
1563 1993 1610 2030 li-

104 2060 196 2096 mits
214 2060 300 2095 that
320 2058 339 2094 I
357 2058 456 2094 have
484 2058 696 2104 prescribed
714 2059 772 2094 for
800 2059 941 2106 myself
954 2058 1130 2105 preclude
1149 2059 1214 2094 the
1245 2058 1458 2106 possibility
1477 2058 1519 2094 of
1542 2070 1610 2107 my

103 2123 359 2171 transcribing
377 2123 442 2159 the
473 2123 566 2171 long
584 2127 672 2160 note
689 2124 778 2160 that
797 2124 971 2160 Kritzius
998 2124 1078 2170 has,
1100 2124 1139 2160 in
1160 2124 1449 2159 condemnation
1467 2124 1508 2160 of
1532 2125 1609 2160 this

102 2191 235 2238 figure.
296 2189 358 2225 He
377 2188 562 2225 confesses
580 2190 665 2226 that
683 2190 731 2226 he
749 2190 820 2226 has
838 2190 954 2226 taken
969 2190 1034 2226 the
1053 2189 1249 2236 examples
1263 2190 1312 2225 he
1322 2190 1393 2226 has
1407 2191 1605 2237 produced,

101 2257 200 2293 from
218 2255 450 2293 Ruddiman.
472 2255 598 2292 Instit.
622 2255 766 2302 Gram.,
787 2257 862 2293 vol.
886 2258 922 2302 2,
945 2268 982 2303 p.
1005 2257 1094 2292 396.
1153 2256 1234 2292 The
1252 2256 1335 2292 first
1353 2256 1385 2292 is
1402 2257 1500 2293 from
1520 2257 1603 2294 Ter.

102 2323 222 2358 Andr.
246 2324 278 2368 1,
301 2323 336 2368 2,
359 2322 394 2366 4,
432 2321 532 2357 Heri
562 2334 710 2369 semper
742 2322 883 2359 lenitas
918 2322 1075 2358 verebar
1108 2334 1287 2370 quorsum
1321 2323 1508 2369 evaderet,
1539 2325 1605 2360 ubi

102 2386 305 2422 Ruhnken.
326 2390 426 2421 reete
452 2385 560 2430 vidit,
583 2397 671 2433 says
692 2386 875 2431 Kritzius,
896 2397 972 2422 non
1001 2398 1088 2422 cum
1107 2386 1259 2422 Donato
1278 2397 1358 2422 esse
1385 2392 1605 2423 construen-

99 2451 193 2486 dum
211 2448 562 2496 semper—lenitas,
594 2450 659 2485 sed
685 2461 833 2497 semper
862 2450 910 2486 ad
938 2450 1096 2485 verebar
1124 2450 1329 2496 pertinere,
1359 2450 1404 2486 cf.
1428 2451 1604 2487 Draken-

99 2514 226 2550 borch.
249 2513 297 2548 ad
318 2512 401 2548 Liv.
424 2512 458 2557 5,
482 2513 516 2557 3,
540 2513 574 2548 2.
634 2512 740 2548 Then
771 2524 794 2549 a
825 2513 923 2549 little
955 2513 1126 2558 beueath,
1158 2514 1206 2549 he
1235 2525 1334 2561 says,
1355 2513 1446 2551 Alia
1474 2526 1603 2551 eorum

99 2576 364 2624 exemplorum
382 2580 439 2611 est
457 2581 603 2621 natura,
626 2576 691 2612 ubi
709 2577 922 2623 praepositio
955 2577 1123 2613 adverbii
1151 2582 1335 2623 potestate
1366 2579 1489 2624 posita
1516 2590 1603 2615 oum

100 2640 339 2678 substantivo
358 2639 398 2674 in
418 2650 534 2674 unam
552 2639 743 2675 notionem
763 2640 916 2676 conflan'
935 2640 1095 2685 videtur,
1112 2641 1219 2677 velut
1231 2641 1340 2689 Virg.
1355 2642 1443 2678 AEn.
1461 2644 1494 2688 1,
1515 2643 1602 2688 198,

101 2704 134 2742 Ο
154 2702 266 2741 socii!
296 2713 417 2750 neque
435 2702 536 2738 enim
554 2702 679 2749 ignari
706 2714 837 2739 sumus
866 2708 956 2739 ante
975 2703 1175 2741 malorum.
1233 2704 1307 2742 Sed
1334 2717 1446 2752 quem
1466 2707 1601 2742 adver·

100 2769 244 2805 biorum
265 2767 408 2802 circum
427 2769 464 2802 et
483 2766 588 2802 circa
607 2778 720 2803 usum
737 2766 1082 2815 frequentissimum
1102 2779 1180 2804 esse
1198 2769 1539 2806 demonstravimus
1554 2770 1601 2806 ad
