<?xml version="1.0" encoding="UTF-8"?>
<!DOCTYPE html PUBLIC "-//W3C//DTD XHTML 1.0 Transitional//EN"
    "http://www.w3.org/TR/xhtml1/DTD/xhtml1-transitional.dtd">
<html xmlns="http://www.w3.org/1999/xhtml" xml:lang="en" lang="en">
 <head>
  <title>
</title>
<meta http-equiv="Content-Type" content="text/html;charset=utf-8" />
  <meta name='ocr-system' content='tesseract 3.04.00' />
  <meta name='ocr-capabilities' content='ocr_page ocr_carea ocr_par ocr_line ocrx_word'/>
</head>
<body>
  <div class='ocr_page' id='page_1' title='image "./sallusts00salluoft_0214.png"; bbox 0 0 1889 3191; ppageno 0'>
   <div class='ocr_carea' id='block_1_1' title="bbox 251 221 1340 288">
    <p class='ocr_par' dir='ltr' id='par_1_1' title="bbox 251 221 1340 288">
     <span class='ocr_line' id='line_1_1' title="bbox 251 221 1340 288; baseline 0.003 -4"><span class='ocrx_word' id='word_1_1' title='bbox 251 247 329 284; x_wconf 86' lang='lat'>200</span> <span class='ocrx_word' id='word_1_2' title='bbox 625 246 902 288; x_wconf 70' lang='lat' dir='ltr'>sAnLusTn</span> <span class='ocrx_word' id='word_1_3' title='bbox 927 221 1340 288; x_wconf 65' lang='lat' dir='ltr'>suounmmtm„</span> 
     </span>
    </p>
   </div>
   <div class='ocr_carea' id='block_1_2' title="bbox 243 361 1728 2306">
    <p class='ocr_par' dir='ltr' id='par_1_2' title="bbox 243 361 1728 1693">
     <span class='ocr_line' id='line_1_2' title="bbox 245 361 1723 427; baseline 0 -17"><span class='ocrx_word' id='word_1_4' title='bbox 245 363 381 420; x_wconf 89' lang='lat' dir='ltr'>tium,</span> <span class='ocrx_word' id='word_1_5' title='bbox 406 363 532 411; x_wconf 65' lang='lat' dir='ltr'>fama</span> <span class='ocrx_word' id='word_1_6' title='bbox 551 369 709 412; x_wconf 90' lang='lat' dir='ltr'>tamen</span> <span class='ocrx_word' id='word_1_7' title='bbox 732 366 970 427; x_wconf 75' lang='lat' dir='ltr'>aequabili2</span> <span class='ocrx_word' id='word_1_8' title='bbox 993 372 1039 414; x_wconf 89' lang='lat' dir='ltr'>et</span> <span class='ocrx_word' id='word_1_9' title='bbox 1060 366 1296 413; x_wconf 65' lang='lat' dir='ltr'>inviolata.</span> <span class='ocrx_word' id='word_1_10' title='bbox 1343 365 1392 411; x_wconf 93' lang='lat' dir='ltr'>Is</span> <span class='ocrx_word' id='word_1_11' title='bbox 1415 362 1497 410; x_wconf 93' lang='lat' dir='ltr'>ubi</span> <span class='ocrx_word' id='word_1_12' title='bbox 1518 361 1723 426; x_wconf 78' lang='lat' dir='ltr'>primum</span> 
     </span>
     <span class='ocr_line' id='line_1_3' title="bbox 245 447 1726 514; baseline -0.002 -18"><span class='ocrx_word' id='word_1_13' title='bbox 245 449 572 512; x_wconf 88' lang='lat' dir='ltr'>magistratum</span> <span class='ocrx_word' id='word_1_14' title='bbox 606 450 843 514; x_wconf 88' lang='lat' dir='ltr'>ingressus</span> <span class='ocrx_word' id='word_1_15' title='bbox 882 457 967 508; x_wconf 89' lang='lat' dir='ltr'>est,</span> <span class='ocrx_word' id='word_1_16' title='bbox 994 451 1084 499; x_wconf 87' lang='lat' dir='ltr'>alia</span> <span class='ocrx_word' id='word_1_17' title='bbox 1121 451 1277 498; x_wconf 88' lang='lat' dir='ltr'>omnia</span> <span class='ocrx_word' id='word_1_18' title='bbox 1299 450 1388 497; x_wconf 90' lang='lat' dir='ltr'>sibi</span> <span class='ocrx_word' id='word_1_19' title='bbox 1410 465 1516 496; x_wconf 90' lang='lat' dir='ltr'>cum</span> <span class='ocrx_word' id='word_1_20' title='bbox 1551 447 1726 510; x_wconf 63' lang='lat' dir='ltr'>collega</span> 
     </span>
     <span class='ocr_line' id='line_1_4' title="bbox 245 531 1722 598; baseline -0.002 -17"><span class='ocrx_word' id='word_1_21' title='bbox 245 540 390 591; x_wconf 85' lang='lat' dir='ltr'>ratus,</span> <span class='ocrx_word' id='word_1_22' title='bbox 416 535 476 581; x_wconf 86' lang='lat' dir='ltr'>ad</span> <span class='ocrx_word' id='word_1_23' title='bbox 497 535 709 591; x_wconf 80' lang='lat' dir='ltr'>bellum,³</span> <span class='ocrx_word' id='word_1_24' title='bbox 733 536 858 598; x_wconf 93' lang='lat' dir='ltr'>quod</span> <span class='ocrx_word' id='word_1_25' title='bbox 889 541 1109 597; x_wconf 89' lang='lat' dir='ltr'>gesturus</span> <span class='ocrx_word' id='word_1_26' title='bbox 1143 541 1242 582; x_wconf 89' lang='lat' dir='ltr'>erat</span> <span class='ocrx_word' id='word_1_27' title='bbox 1274 535 1481 581; x_wconf 90' lang='lat' dir='ltr'>animum</span> <span class='ocrx_word' id='word_1_28' title='bbox 1502 531 1722 580; x_wconf 84' lang='lat' dir='ltr'>intendit.</span> 
     </span>
     <span class='ocr_line' id='line_1_5' title="bbox 246 617 1724 684; baseline -0.003 -16"><span class='ocrx_word' id='word_1_29' title='bbox 246 621 412 684; x_wconf 87' lang='lat' dir='ltr'>Igitur,</span> <span class='ocrx_word' id='word_1_30' title='bbox 441 620 656 667; x_wconf 87' lang='lat' dir='ltr'><strong>diffidens</strong></span> <span class='ocrx_word' id='word_1_31' title='bbox 677 620 821 667; x_wconf 85' lang='lat' dir='ltr'>veteri</span> <span class='ocrx_word' id='word_1_32' title='bbox 844 620 1079 675; x_wconf 84' lang='lat' dir='ltr'>exercitui,</span> <span class='ocrx_word' id='word_1_33' title='bbox 1117 619 1291 666; x_wconf 84' lang='lat' dir='ltr'><strong>milites</strong></span> <span class='ocrx_word' id='word_1_34' title='bbox 1315 619 1527 674; x_wconf 89' lang='lat' dir='ltr'>scribere,</span> <span class='ocrx_word' id='word_1_35' title='bbox 1563 617 1724 681; x_wconf 81' lang='lat' dir='ltr'>praesi-</span> 
     </span>
     <span class='ocr_line' id='line_1_6' title="bbox 245 703 1725 767; baseline -0.003 -14"><span class='ocrx_word' id='word_1_36' title='bbox 245 706 323 753; x_wconf 91' lang='lat' dir='ltr'>dia</span> <span class='ocrx_word' id='word_1_37' title='bbox 344 706 549 767; x_wconf 83' lang='lat' dir='ltr'>undique</span> <span class='ocrx_word' id='word_1_38' title='bbox 573 721 830 752; x_wconf 83' lang='lat' dir='ltr'>arcessere:</span> <span class='ocrx_word' id='word_1_39' title='bbox 868 720 1009 760; x_wconf 87' lang='lat' dir='ltr'>arma,</span> <span class='ocrx_word' id='word_1_40' title='bbox 1036 704 1142 759; x_wconf 84' lang='lat' dir='ltr'>tela,</span> <span class='ocrx_word' id='word_1_41' title='bbox 1171 719 1328 766; x_wconf 92' lang='lat' dir='ltr'>equos,</span> <span class='ocrx_word' id='word_1_42' title='bbox 1363 709 1532 750; x_wconf 84' lang='lat' dir='ltr'>caetera</span> <span class='ocrx_word' id='word_1_43' title='bbox 1552 703 1725 750; x_wconf 90' lang='lat' dir='ltr'>instru-</span> 
     </span>
     <span class='ocr_line' id='line_1_7' title="bbox 245 787 1724 852; baseline -0.001 -16"><span class='ocrx_word' id='word_1_44' title='bbox 245 795 404 837; x_wconf 88' lang='lat' dir='ltr'>menta</span> <span class='ocrx_word' id='word_1_45' title='bbox 424 789 606 836; x_wconf 81' lang='lat' dir='ltr'>militiae</span> <span class='ocrx_word' id='word_1_46' title='bbox 629 805 791 852; x_wconf 91' lang='lat' dir='ltr'>parare</span> <span class='ocrx_word' id='word_1_47' title='bbox 810 810 823 844; x_wconf 84' lang='lat'><em>3</em></span> <span class='ocrx_word' id='word_1_48' title='bbox 860 789 919 836; x_wconf 94' lang='lat' dir='ltr'>ad</span> <span class='ocrx_word' id='word_1_49' title='bbox 942 789 1044 844; x_wconf 89' lang='lat' dir='ltr'>hoc,</span> <span class='ocrx_word' id='word_1_50' title='bbox 1072 794 1384 836; x_wconf 84' lang='lat' dir='ltr'>commeatum</span> <span class='ocrx_word' id='word_1_51' title='bbox 1417 787 1596 834; x_wconf 83' lang='lat' dir='ltr'>affatim</span> <span class='ocrx_word' id='word_1_52' title='bbox 1615 808 1628 843; x_wconf 95' lang='lat'>;</span> <span class='ocrx_word' id='word_1_53' title='bbox 1648 787 1724 834; x_wconf 91' lang='lat' dir='ltr'>de-</span> 
     </span>
     <span class='ocr_line' id='line_1_8' title="bbox 244 872 1726 938; baseline -0.002 -17"><span class='ocrx_word' id='word_1_54' title='bbox 244 875 384 938; x_wconf 87' lang='lat' dir='ltr'>nique</span> <span class='ocrx_word' id='word_1_55' title='bbox 409 874 578 930; x_wconf 89' lang='lat' dir='ltr'>omnia,</span> <span class='ocrx_word' id='word_1_56' title='bbox 607 890 713 937; x_wconf 89' lang='lat' dir='ltr'>quae</span> <span class='ocrx_word' id='word_1_57' title='bbox 734 874 856 921; x_wconf 91' lang='lat' dir='ltr'>bello</span> <span class='ocrx_word' id='word_1_58' title='bbox 878 873 1024 920; x_wconf 78' lang='lat' dir='ltr'>vario⁴</span> <span class='ocrx_word' id='word_1_59' title='bbox 1046 880 1092 921; x_wconf 90' lang='lat' dir='ltr'>et</span> <span class='ocrx_word' id='word_1_60' title='bbox 1114 873 1370 920; x_wconf 88' lang='lat' dir='ltr'>multarum</span> <span class='ocrx_word' id='word_1_61' title='bbox 1393 889 1548 920; x_wconf 90' lang='lat' dir='ltr'>rerum</span> <span class='ocrx_word' id='word_1_62' title='bbox 1571 872 1726 935; x_wconf 87' lang='lat' dir='ltr'>egenti</span> 
     </span>
     <span class='ocr_line' id='line_1_9' title="bbox 244 958 1726 1022; baseline -0.002 -15"><span class='ocrx_word' id='word_1_63' title='bbox 244 961 351 1007; x_wconf 91' lang='lat' dir='ltr'>usui</span> <span class='ocrx_word' id='word_1_64' title='bbox 375 976 475 1007; x_wconf 89' lang='lat' dir='ltr'>esse</span> <span class='ocrx_word' id='word_1_65' title='bbox 500 960 665 1007; x_wconf 86' lang='lat' dir='ltr'>solent.</span> <span class='ocrx_word' id='word_1_66' title='bbox 734 960 970 1007; x_wconf 77' lang='lat' dir='ltr'>Caeterum</span> <span class='ocrx_word' id='word_1_67' title='bbox 995 959 1054 1006; x_wconf 89' lang='lat' dir='ltr'>ad</span> <span class='ocrx_word' id='word_1_68' title='bbox 1077 975 1130 1006; x_wconf 88' lang='lat' dir='ltr'>ea</span> <span class='ocrx_word' id='word_1_69' title='bbox 1151 959 1383 1022; x_wconf 83' lang='lat' dir='ltr'>patranda</span> <span class='ocrx_word' id='word_1_70' title='bbox 1397 958 1547 1006; x_wconf 88' lang='lat' dir='ltr'>senati</span> <span class='ocrx_word' id='word_1_71' title='bbox 1569 963 1726 1004; x_wconf 88' lang='lat' dir='ltr'>aucto-</span> 
     </span>
     <span class='ocr_line' id='line_1_10' title="bbox 244 1043 1725 1109; baseline -0.003 -16"><span class='ocrx_word' id='word_1_72' title='bbox 244 1046 382 1093; x_wconf 81' lang='lat' dir='ltr'>ritate</span> <span class='ocrx_word' id='word_1_73' title='bbox 406 1046 519 1093; x_wconf 90' lang='lat' dir='ltr'>socii</span> <span class='ocrx_word' id='word_1_74' title='bbox 543 1062 804 1109; x_wconf 88' lang='lat' dir='ltr'>nomenque</span> <span class='ocrx_word' id='word_1_75' title='bbox 827 1046 1066 1102; x_wconf 91' lang='lat' dir='ltr'>Latinum,</span> <span class='ocrx_word' id='word_1_76' title='bbox 1094 1046 1246 1108; x_wconf 84' lang='lat' dir='ltr'>Reges</span> <span class='ocrx_word' id='word_1_77' title='bbox 1269 1045 1393 1091; x_wconf 76' lang='lat' dir='ltr'>ultro</span> <span class='ocrx_word' id='word_1_78' title='bbox 1426 1043 1597 1091; x_wconf 84' lang='lat' dir='ltr'>auxilia</span> <span class='ocrx_word' id='word_1_79' title='bbox 1618 1043 1725 1090; x_wconf 90' lang='lat' dir='ltr'>mit-</span> 
     </span>
     <span class='ocr_line' id='line_1_11' title="bbox 244 1128 1723 1194; baseline -0.002 -16"><span class='ocrx_word' id='word_1_80' title='bbox 244 1137 369 1179; x_wconf 85' lang='lat' dir='ltr'>tere:</span> <span class='ocrx_word' id='word_1_81' title='bbox 406 1134 641 1194; x_wconf 74' lang='lat' dir='ltr'>postremo</span> <span class='ocrx_word' id='word_1_82' title='bbox 665 1130 817 1178; x_wconf 91' lang='lat' dir='ltr'>omnis</span> <span class='ocrx_word' id='word_1_83' title='bbox 839 1130 1000 1178; x_wconf 84' lang='lat' dir='ltr'>civitas</span> <span class='ocrx_word' id='word_1_84' title='bbox 1025 1146 1208 1177; x_wconf 90' lang='lat' dir='ltr'>summo</span> <span class='ocrx_word' id='word_1_85' title='bbox 1233 1129 1388 1177; x_wconf 88' lang='lat' dir='ltr'>studio</span> <span class='ocrx_word' id='word_1_86' title='bbox 1412 1128 1723 1177; x_wconf 79' lang='lat' dir='ltr'>adnitebatur.</span> 
     </span>
     <span class='ocr_line' id='line_1_12' title="bbox 245 1213 1721 1279; baseline -0.002 -16"><span class='ocrx_word' id='word_1_87' title='bbox 245 1217 426 1279; x_wconf 83' lang='lat' dir='ltr'>Itaque,</span> <span class='ocrx_word' id='word_1_88' title='bbox 445 1232 501 1263; x_wconf 86' lang='lat' dir='ltr'>ex</span> <span class='ocrx_word' id='word_1_89' title='bbox 520 1215 749 1263; x_wconf 66' lang='lat' dir='ltr'>sententia</span> <span class='ocrx_word' id='word_1_90' title='bbox 766 1215 983 1262; x_wconf 90' lang='lat' dir='ltr'>omnibus</span> <span class='ocrx_word' id='word_1_91' title='bbox 1000 1216 1138 1262; x_wconf 91' lang='lat' dir='ltr'>rebus</span> <span class='ocrx_word' id='word_1_92' title='bbox 1156 1214 1330 1278; x_wconf 86' lang='lat' dir='ltr'>paratis</span> <span class='ocrx_word' id='word_1_93' title='bbox 1345 1213 1721 1277; x_wconf 90' lang='lat' dir='ltr'>compositisque,</span> 
     </span>
     <span class='ocr_line' id='line_1_13' title="bbox 243 1297 1728 1364; baseline -0.002 -16"><span class='ocrx_word' id='word_1_94' title='bbox 243 1300 295 1348; x_wconf 91' lang='lat' dir='ltr'>in</span> <span class='ocrx_word' id='word_1_95' title='bbox 312 1301 587 1348; x_wconf 88' lang='lat' dir='ltr'>Numidiam</span> <span class='ocrx_word' id='word_1_96' title='bbox 609 1300 930 1364; x_wconf 88' lang='lat' dir='ltr'>proficiscitur,</span> <span class='ocrx_word' id='word_1_97' title='bbox 958 1316 1127 1363; x_wconf 86' lang='lat' dir='ltr'>magna</span> <span class='ocrx_word' id='word_1_98' title='bbox 1151 1315 1232 1362; x_wconf 90' lang='lat' dir='ltr'>spe</span> <span class='ocrx_word' id='word_1_99' title='bbox 1254 1299 1437 1355; x_wconf 77' lang='lat' dir='ltr'>civium,</span> <span class='ocrx_word' id='word_1_100' title='bbox 1456 1297 1563 1346; x_wconf 70' lang='lat' dir='ltr'>cum</span> <span class='ocrx_word' id='word_1_101' title='bbox 1586 1314 1728 1361; x_wconf 77' lang='lat' dir='ltr'>prop-</span> 
     </span>
     <span class='ocr_line' id='line_1_14' title="bbox 243 1383 1727 1449; baseline -0.003 -14"><span class='ocrx_word' id='word_1_102' title='bbox 243 1394 315 1436; x_wconf 88' lang='lat' dir='ltr'>ter</span> <span class='ocrx_word' id='word_1_103' title='bbox 336 1388 484 1435; x_wconf 90' lang='lat' dir='ltr'>bonas</span> <span class='ocrx_word' id='word_1_104' title='bbox 505 1387 632 1443; x_wconf 90' lang='lat' dir='ltr'>artis,</span> <span class='ocrx_word' id='word_1_105' title='bbox 660 1393 761 1433; x_wconf 90' lang='lat' dir='ltr'>tum</span> <span class='ocrx_word' id='word_1_106' title='bbox 785 1386 1004 1433; x_wconf 73' lang='lat' dir='ltr'>maxume</span> <span class='ocrx_word' id='word_1_107' title='bbox 1023 1385 1146 1449; x_wconf 75' lang='lat' dir='ltr'>quod</span> <span class='ocrx_word' id='word_1_108' title='bbox 1162 1384 1410 1431; x_wconf 80' lang='lat' dir='ltr'>advorsum</span> <span class='ocrx_word' id='word_1_109' title='bbox 1424 1383 1608 1430; x_wconf 89' lang='lat' dir='ltr'>divitias</span> <span class='ocrx_word' id='word_1_110' title='bbox 1631 1384 1727 1430; x_wconf 91' lang='lat' dir='ltr'>ani-</span> 
     </span>
     <span class='ocr_line' id='line_1_15' title="bbox 244 1470 1726 1535; baseline -0.003 -14"><span class='ocrx_word' id='word_1_111' title='bbox 244 1491 375 1521; x_wconf 92' lang='lat' dir='ltr'>mum</span> <span class='ocrx_word' id='word_1_112' title='bbox 397 1474 623 1521; x_wconf 82' lang='lat' dir='ltr'>invictum</span> <span class='ocrx_word' id='word_1_113' title='bbox 658 1472 880 1535; x_wconf 82' lang='lat' dir='ltr'>gerebat3</span> <span class='ocrx_word' id='word_1_114' title='bbox 918 1478 964 1518; x_wconf 88' lang='lat' dir='ltr'>et</span> <span class='ocrx_word' id='word_1_115' title='bbox 997 1470 1190 1518; x_wconf 68' lang='lat' dir='ltr'>avaritia</span> <span class='ocrx_word' id='word_1_116' title='bbox 1225 1470 1585 1532; x_wconf 85' lang='lat' dir='ltr'>magistratuum</span> <span class='ocrx_word' id='word_1_117' title='bbox 1618 1474 1726 1516; x_wconf 89' lang='lat' dir='ltr'>ante</span> 
     </span>
     <span class='ocr_line' id='line_1_16' title="bbox 244 1552 1727 1620; baseline -0.004 -16"><span class='ocrx_word' id='word_1_118' title='bbox 244 1557 293 1604; x_wconf 91' lang='lat' dir='ltr'>id</span> <span class='ocrx_word' id='word_1_119' title='bbox 315 1563 502 1620; x_wconf 90' lang='lat' dir='ltr'>tempus</span> <span class='ocrx_word' id='word_1_120' title='bbox 520 1556 570 1603; x_wconf 90' lang='lat' dir='ltr'>in</span> <span class='ocrx_word' id='word_1_121' title='bbox 593 1554 819 1603; x_wconf 68' lang='lat' dir='ltr'>Numidia</span> <span class='ocrx_word' id='word_1_122' title='bbox 842 1561 1016 1601; x_wconf 83' lang='lat' dir='ltr'>nostrae</span> <span class='ocrx_word' id='word_1_123' title='bbox 1040 1569 1153 1616; x_wconf 90' lang='lat' dir='ltr'>opes</span> <span class='ocrx_word' id='word_1_124' title='bbox 1176 1558 1399 1608; x_wconf 82' lang='lat' dir='ltr'>contusae,</span> <span class='ocrx_word' id='word_1_125' title='bbox 1426 1552 1727 1616; x_wconf 88' lang='lat' dir='ltr'>hostiumque</span> 
     </span>
     <span class='ocr_line' id='line_1_17' title="bbox 243 1650 567 1693; baseline -0.006 -1"><span class='ocrx_word' id='word_1_126' title='bbox 243 1650 394 1693; x_wconf 84' lang='lat' dir='ltr'>auctae</span> <span class='ocrx_word' id='word_1_127' title='bbox 419 1650 567 1692; x_wconf 89' lang='lat' dir='ltr'>erant.</span> 
     </span>
    </p>

    <p class='ocr_par' dir='ltr' id='par_1_3' title="bbox 243 1722 1728 2306">
     <span class='ocr_line' id='line_1_18' title="bbox 310 1722 1726 1782; baseline -0.007 -3"><span class='ocrx_word' id='word_1_128' title='bbox 310 1732 489 1779; x_wconf 90' lang='lat' dir='ltr'>XLIV.</span> <span class='ocrx_word' id='word_1_129' title='bbox 528 1729 620 1778; x_wconf 88' lang='lat' dir='ltr'>Sed</span> <span class='ocrx_word' id='word_1_130' title='bbox 641 1728 723 1776; x_wconf 88' lang='lat' dir='ltr'>ubi</span> <span class='ocrx_word' id='word_1_131' title='bbox 745 1728 795 1775; x_wconf 89' lang='lat' dir='ltr'>in</span> <span class='ocrx_word' id='word_1_132' title='bbox 817 1727 1027 1775; x_wconf 87' lang='lat' dir='ltr'>Africam</span> <span class='ocrx_word' id='word_1_133' title='bbox 1041 1726 1182 1782; x_wconf 82' lang='lat' dir='ltr'>venit,</span> <span class='ocrx_word' id='word_1_134' title='bbox 1210 1724 1438 1773; x_wconf 84' lang='lat' dir='ltr'>exercitus</span> <span class='ocrx_word' id='word_1_135' title='bbox 1462 1723 1504 1771; x_wconf 92' lang='lat' dir='ltr'>ei</span> <span class='ocrx_word' id='word_1_136' title='bbox 1526 1722 1726 1771; x_wconf 86' lang='lat' dir='ltr'>traditur</span> 
     </span>
     <span class='ocr_line' id='line_1_19' title="bbox 245 1809 1723 1878; baseline -0.006 -14"><span class='ocrx_word' id='word_1_137' title='bbox 245 1817 326 1878; x_wconf 85' lang='lat' dir='ltr'>Sp.</span> <span class='ocrx_word' id='word_1_138' title='bbox 348 1816 510 1863; x_wconf 90' lang='lat' dir='ltr'>Albini</span> <span class='ocrx_word' id='word_1_139' title='bbox 533 1832 617 1878; x_wconf 93' lang='lat' dir='ltr'>pro</span> <span class='ocrx_word' id='word_1_140' title='bbox 637 1814 854 1869; x_wconf 91' lang='lat' dir='ltr'>Consule,</span> <span class='ocrx_word' id='word_1_141' title='bbox 894 1814 1033 1867; x_wconf 91' lang='lat' dir='ltr'>iners,</span> <span class='ocrx_word' id='word_1_142' title='bbox 1076 1811 1291 1866; x_wconf 91' lang='lat' dir='ltr'>imbellis,</span> <span class='ocrx_word' id='word_1_143' title='bbox 1332 1826 1481 1873; x_wconf 91' lang='lat' dir='ltr'>neque</span> <span class='ocrx_word' id='word_1_144' title='bbox 1515 1809 1723 1872; x_wconf 88' lang='lat' dir='ltr'>periculi,</span> 
     </span>
     <span class='ocr_line' id='line_1_20' title="bbox 244 1894 1722 1965; baseline -0.006 -16"><span class='ocrx_word' id='word_1_145' title='bbox 244 1918 394 1965; x_wconf 90' lang='lat' dir='ltr'>neque</span> <span class='ocrx_word' id='word_1_146' title='bbox 431 1901 602 1948; x_wconf 89' lang='lat' dir='ltr'>laboris</span> <span class='ocrx_word' id='word_1_147' title='bbox 646 1900 846 1963; x_wconf 83' lang='lat' dir='ltr'>patienS,</span> <span class='ocrx_word' id='word_1_148' title='bbox 893 1898 1067 1961; x_wconf 63' lang='lat' dir='ltr'>lingua,</span> <span class='ocrx_word' id='word_1_149' title='bbox 1112 1897 1250 1960; x_wconf 70' lang='lat' dir='ltr'>quam</span> <span class='ocrx_word' id='word_1_150' title='bbox 1285 1913 1441 1951; x_wconf 91' lang='lat' dir='ltr'>manu,</span> <span class='ocrx_word' id='word_1_151' title='bbox 1480 1894 1722 1959; x_wconf 91' lang='lat' dir='ltr'>promtior,</span> 
     </span>
     <span class='ocr_line' id='line_1_21' title="bbox 244 1979 1727 2051; baseline -0.006 -16"><span class='ocrx_word' id='word_1_152' title='bbox 244 1987 480 2051; x_wconf 83' lang='lat' dir='ltr'>praedator</span> <span class='ocrx_word' id='word_1_153' title='bbox 503 2003 559 2033; x_wconf 84' lang='lat' dir='ltr'>ex</span> <span class='ocrx_word' id='word_1_154' title='bbox 583 1984 733 2041; x_wconf 86' lang='lat' dir='ltr'>sociiS,</span> <span class='ocrx_word' id='word_1_155' title='bbox 761 1992 807 2031; x_wconf 90' lang='lat' dir='ltr'>et</span> <span class='ocrx_word' id='word_1_156' title='bbox 830 1983 930 2046; x_wconf 92' lang='lat' dir='ltr'>ipse</span> <span class='ocrx_word' id='word_1_157' title='bbox 963 1982 1126 2046; x_wconf 82' lang='lat' dir='ltr'>praeda</span> <span class='ocrx_word' id='word_1_158' title='bbox 1146 1981 1369 2037; x_wconf 84' lang='lat' dir='ltr'>hostium,</span> <span class='ocrx_word' id='word_1_159' title='bbox 1399 1981 1498 2028; x_wconf 89' lang='lat' dir='ltr'>sine</span> <span class='ocrx_word' id='word_1_160' title='bbox 1532 1979 1727 2043; x_wconf 90' lang='lat' dir='ltr'>imperio</span> 
     </span>
     <span class='ocr_line' id='line_1_22' title="bbox 243 2064 1728 2129; baseline -0.005 -9"><span class='ocrx_word' id='word_1_161' title='bbox 243 2081 291 2120; x_wconf 88' lang='lat' dir='ltr'>et</span> <span class='ocrx_word' id='word_1_162' title='bbox 313 2072 542 2120; x_wconf 62' lang='lat' dir='ltr'>modestia</span> <span class='ocrx_word' id='word_1_163' title='bbox 564 2072 772 2118; x_wconf 88' lang='lat' dir='ltr'>habitus.</span> <span class='ocrx_word' id='word_1_164' title='bbox 842 2070 918 2116; x_wconf 86' lang='lat' dir='ltr'>Ita</span> <span class='ocrx_word' id='word_1_165' title='bbox 939 2068 1210 2129; x_wconf 86' lang='lat' dir='ltr'>imperatori</span> <span class='ocrx_word' id='word_1_166' title='bbox 1231 2083 1350 2114; x_wconf 87' lang='lat' dir='ltr'>novo</span> <span class='ocrx_word' id='word_1_167' title='bbox 1373 2067 1480 2129; x_wconf 89' lang='lat' dir='ltr'>plus</span> <span class='ocrx_word' id='word_1_168' title='bbox 1503 2082 1560 2113; x_wconf 84' lang='lat' dir='ltr'>ex</span> <span class='ocrx_word' id='word_1_169' title='bbox 1590 2064 1728 2112; x_wconf 85' lang='lat' dir='ltr'>malis</span> 
     </span>
     <span class='ocr_line' id='line_1_23' title="bbox 245 2150 1727 2218; baseline -0.007 -12"><span class='ocrx_word' id='word_1_170' title='bbox 245 2159 452 2205; x_wconf 92' lang='lat' dir='ltr'>moribus</span> <span class='ocrx_word' id='word_1_171' title='bbox 478 2155 816 2211; x_wconf 82' lang='lat' dir='ltr'>sollicitudiniS,</span> <span class='ocrx_word' id='word_1_172' title='bbox 845 2157 983 2218; x_wconf 73' lang='lat' dir='ltr'>quam</span> <span class='ocrx_word' id='word_1_173' title='bbox 1009 2170 1065 2201; x_wconf 84' lang='lat' dir='ltr'>ex</span> <span class='ocrx_word' id='word_1_174' title='bbox 1078 2153 1211 2216; x_wconf 69' lang='lat' dir='ltr'>copia</span> <span class='ocrx_word' id='word_1_175' title='bbox 1235 2152 1438 2198; x_wconf 91' lang='lat' dir='ltr'>militum</span> <span class='ocrx_word' id='word_1_176' title='bbox 1456 2150 1627 2206; x_wconf 75' lang='lat' dir='ltr'>auxilii,</span> <span class='ocrx_word' id='word_1_177' title='bbox 1647 2156 1727 2196; x_wconf 89' lang='lat' dir='ltr'>aut</span> 
     </span>
     <span class='ocr_line' id='line_1_24' title="bbox 246 2236 1727 2306; baseline -0.007 -15"><span class='ocrx_word' id='word_1_178' title='bbox 246 2243 346 2306; x_wconf 86' lang='lat' dir='ltr'>spei</span> <span class='ocrx_word' id='word_1_179' title='bbox 383 2243 520 2290; x_wconf 87' lang='lat' dir='ltr'>bonae</span> <span class='ocrx_word' id='word_1_180' title='bbox 559 2241 820 2290; x_wconf 90' lang='lat' dir='ltr'>accedebat.</span> <span class='ocrx_word' id='word_1_181' title='bbox 891 2238 1066 2287; x_wconf 87' lang='lat' dir='ltr'>Statuit</span> <span class='ocrx_word' id='word_1_182' title='bbox 1098 2245 1258 2286; x_wconf 90' lang='lat' dir='ltr'>tamen</span> <span class='ocrx_word' id='word_1_183' title='bbox 1293 2236 1529 2292; x_wconf 89' lang='lat' dir='ltr'>Metellus,</span> <span class='ocrx_word' id='word_1_184' title='bbox 1568 2251 1727 2300; x_wconf 90' lang='lat' dir='ltr'>quam-</span> 
     </span>
    </p>
   </div>
   <div class='ocr_carea' id='block_1_3' title="bbox 245 2383 1727 2826">
    <p class='ocr_par' dir='ltr' id='par_1_4' title="bbox 245 2383 1724 2493">
     <span class='ocr_line' id='line_1_25' title="bbox 299 2383 1724 2438; baseline -0.006 -11"><span class='ocrx_word' id='word_1_185' title='bbox 299 2390 313 2412; x_wconf 82' lang='lat'>²</span> <span class='ocrx_word' id='word_1_186' title='bbox 332 2391 454 2428; x_wconf 68' lang='lat' dir='ltr'>Fama</span> <span class='ocrx_word' id='word_1_187' title='bbox 475 2397 601 2427; x_wconf 82' lang='lat' dir='ltr'>tamen</span> <span class='ocrx_word' id='word_1_188' title='bbox 621 2387 832 2438; x_wconf 80' lang='lat' dir='ltr'>aequabili.]</span> <span class='ocrx_word' id='word_1_189' title='bbox 863 2389 899 2425; x_wconf 84' lang='grc' dir='ltr'>Ιι.</span> <span class='ocrx_word' id='word_1_190' title='bbox 921 2401 950 2424; x_wconf 82' lang='grc' dir='ltr'>ε.</span> <span class='ocrx_word' id='word_1_191' title='bbox 971 2386 1107 2436; x_wconf 80' lang='lat' dir='ltr'>aequali</span> <span class='ocrx_word' id='word_1_192' title='bbox 1133 2387 1234 2434; x_wconf 89' lang='lat' dir='ltr'>apud</span> <span class='ocrx_word' id='word_1_193' title='bbox 1251 2385 1486 2422; x_wconf 81' lang='lat' dir='ltr'>nobilitatem</span> <span class='ocrx_word' id='word_1_194' title='bbox 1504 2387 1542 2421; x_wconf 91' lang='lat' dir='ltr'>et</span> <span class='ocrx_word' id='word_1_195' title='bbox 1567 2383 1724 2431; x_wconf 86' lang='lat' dir='ltr'>plebem.</span> 
     </span>
     <span class='ocr_line' id='line_1_26' title="bbox 245 2456 357 2493; baseline -0.027 1"><span class='ocrx_word' id='word_1_196' title='bbox 245 2456 357 2493; x_wconf 82' lang='grc' dir='ltr'>-Μ,</span> 
     </span>
    </p>

    <p class='ocr_par' dir='ltr' id='par_1_5' title="bbox 247 2511 1724 2632">
     <span class='ocr_line' id='line_1_27' title="bbox 300 2511 1723 2567; baseline -0.008 -9"><span class='ocrx_word' id='word_1_197' title='bbox 300 2520 315 2542; x_wconf 77' lang='lat'>³</span> <span class='ocrx_word' id='word_1_198' title='bbox 333 2523 400 2558; x_wconf 77' lang='lat' dir='ltr'>Ad</span> <span class='ocrx_word' id='word_1_199' title='bbox 416 2521 562 2565; x_wconf 79' lang='lat' dir='ltr'>bellum,</span> <span class='ocrx_word' id='word_1_200' title='bbox 584 2518 909 2567; x_wconf 79' lang='lat' dir='ltr'>quod—animum</span> <span class='ocrx_word' id='word_1_201' title='bbox 937 2513 1137 2565; x_wconf 63' lang='lat' dir='ltr'>intendit]</span> <span class='ocrx_word' id='word_1_202' title='bbox 1169 2514 1238 2552; x_wconf 82' lang='lat' dir='ltr'>See</span> <span class='ocrx_word' id='word_1_203' title='bbox 1256 2513 1424 2550; x_wconf 89' lang='lat' dir='ltr'>Perizon.</span> <span class='ocrx_word' id='word_1_204' title='bbox 1454 2523 1503 2549; x_wconf 83' lang='lat' dir='ltr'>on</span> <span class='ocrx_word' id='word_1_205' title='bbox 1532 2511 1657 2549; x_wconf 78' lang='lat' dir='ltr'>Sanct-</span> <span class='ocrx_word' id='word_1_206' title='bbox 1688 2513 1723 2558; x_wconf 87' lang='lat'>4,</span> 
     </span>
     <span class='ocr_line' id='line_1_28' title="bbox 247 2575 1724 2632; baseline -0.007 -10"><span class='ocrx_word' id='word_1_207' title='bbox 247 2588 282 2631; x_wconf 88' lang='lat'>4,</span> <span class='ocrx_word' id='word_1_208' title='bbox 303 2597 338 2632; x_wconf 92' lang='lat' dir='ltr'>p.</span> <span class='ocrx_word' id='word_1_209' title='bbox 362 2587 449 2631; x_wconf 82' lang='lat'>553,</span> <span class='ocrx_word' id='word_1_210' title='bbox 471 2588 510 2621; x_wconf 90' lang='lat' dir='ltr'>at</span> <span class='ocrx_word' id='word_1_211' title='bbox 529 2584 593 2621; x_wconf 87' lang='lat' dir='ltr'>the</span> <span class='ocrx_word' id='word_1_212' title='bbox 625 2582 764 2630; x_wconf 84' lang='lat' dir='ltr'>ellipsis</span> <span class='ocrx_word' id='word_1_213' title='bbox 783 2581 824 2619; x_wconf 91' lang='lat' dir='ltr'>of</span> <span class='ocrx_word' id='word_1_214' title='bbox 848 2581 1005 2618; x_wconf 83' lang='lat' dir='ltr'>animus.</span> <span class='ocrx_word' id='word_1_215' title='bbox 1065 2579 1134 2617; x_wconf 88' lang='lat' dir='ltr'>See</span> <span class='ocrx_word' id='word_1_216' title='bbox 1161 2579 1240 2616; x_wconf 89' lang='lat' dir='ltr'>also</span> <span class='ocrx_word' id='word_1_217' title='bbox 1267 2578 1428 2615; x_wconf 82' lang='lat' dir='ltr'>beneath</span> <span class='ocrx_word' id='word_1_218' title='bbox 1446 2587 1478 2613; x_wconf 87' lang='lat' dir='ltr'>c.</span> <span class='ocrx_word' id='word_1_219' title='bbox 1499 2577 1562 2623; x_wconf 85' lang='lat'>48,</span> <span class='ocrx_word' id='word_1_220' title='bbox 1582 2580 1669 2613; x_wconf 84' lang='lat' dir='ltr'>note</span> <span class='ocrx_word' id='word_1_221' title='bbox 1687 2575 1724 2612; x_wconf 87' lang='lat'>3.</span> 
     </span>
    </p>

    <p class='ocr_par' dir='ltr' id='par_1_6' title="bbox 248 2649 1727 2826">
     <span class='ocr_line' id='line_1_29' title="bbox 303 2649 1727 2759; baseline -0.007 -11"><span class='ocrx_word' id='word_1_222' title='bbox 303 2649 442 2748; x_wconf 55' lang='grc' dir='ltr'><em>ΟΒεΙΖο</em></span> <span class='ocrx_word' id='word_1_223' title='bbox 463 2709 607 2759; x_wconf 60' lang='lat' dir='ltr'>varim]</span> <span class='ocrx_word' id='word_1_224' title='bbox 637 2709 798 2747; x_wconf 84' lang='lat' dir='ltr'>Varium</span> <span class='ocrx_word' id='word_1_225' title='bbox 816 2708 957 2746; x_wconf 91' lang='lat' dir='ltr'>bellum</span> <span class='ocrx_word' id='word_1_226' title='bbox 983 2712 1049 2753; x_wconf 86' lang='lat' dir='ltr'>est,</span> <span class='ocrx_word' id='word_1_227' title='bbox 1070 2707 1171 2755; x_wconf 89' lang='lat' dir='ltr'>quod</span> <span class='ocrx_word' id='word_1_228' title='bbox 1197 2717 1273 2743; x_wconf 88' lang='lat' dir='ltr'>non</span> <span class='ocrx_word' id='word_1_229' title='bbox 1299 2717 1374 2742; x_wconf 87' lang='lat' dir='ltr'>uno</span> <span class='ocrx_word' id='word_1_230' title='bbox 1400 2704 1538 2752; x_wconf 70' lang='lat' dir='ltr'>praelio,</span> <span class='ocrx_word' id='word_1_231' title='bbox 1558 2705 1625 2740; x_wconf 82' lang='lat' dir='ltr'>aut</span> <span class='ocrx_word' id='word_1_232' title='bbox 1651 2713 1727 2739; x_wconf 87' lang='lat' dir='ltr'>una</span> 
     </span>
     <span class='ocr_line' id='line_1_30' title="bbox 248 2769 1477 2826; baseline -0.007 -11"><span class='ocrx_word' id='word_1_233' title='bbox 248 2775 527 2826; x_wconf 82' lang='lat' dir='ltr'>expugnatione</span> <span class='ocrx_word' id='word_1_234' title='bbox 545 2774 747 2819; x_wconf 84' lang='lat' dir='ltr'>conficitur,</span> <span class='ocrx_word' id='word_1_235' title='bbox 769 2773 833 2811; x_wconf 89' lang='lat' dir='ltr'>sed</span> <span class='ocrx_word' id='word_1_236' title='bbox 851 2773 958 2822; x_wconf 85' lang='lat' dir='ltr'>cujus</span> <span class='ocrx_word' id='word_1_237' title='bbox 975 2771 1105 2810; x_wconf 79' lang='lat' dir='ltr'>multae</span> <span class='ocrx_word' id='word_1_238' title='bbox 1123 2774 1212 2809; x_wconf 86' lang='lat' dir='ltr'>sunt.</span> <span class='ocrx_word' id='word_1_239' title='bbox 1228 2769 1477 2808; x_wconf 61' lang='lat' dir='ltr'>formae-M.</span> 
     </span>
    </p>
   </div>
  </div>
 </body>
</html>
