1889 3191
522 243 802 283 SALLUSTII
829 242 854 280 J
857 241 1147 281 UGURTHIN
1152 241 1246 279 ΠΜ.
1555 242 1577 277 2
1583 242 1631 278 85

137 360 328 423 negotia
350 359 551 408 altitudo
583 357 784 422 ingenii⁵
819 357 1139 413 incredibilis;
1176 357 1434 407 multarum
1458 372 1630 413 rerum,

136 461 191 492 ac
212 446 429 493 maxume
450 444 663 508 pecuniae
684 444 895 508 largitor.
944 443 1101 506 Atque
1118 441 1405 494 felicissumo
1423 441 1634 490 omnium

136 538 245 579 ante
264 531 448 579 civilem
481 530 740 588 victoriam,
776 545 1019 593 nunquam
1055 544 1194 592 super
1227 527 1510 579 industriam
1543 527 1636 576 for-

136 623 253 664 tuna
273 616 366 664 fuit
387 615 422 664 :⁶
443 616 674 681 multique
698 616 983 672 dubitavere,
1001 615 1181 671 fortior,
1210 630 1271 663 an
1293 613 1472 662 felicior
1495 620 1635 662 esset.

136 719 248 750 nam
269 706 437 767 postea
459 720 565 768 quae
605 703 782 761 fecerit,
809 703 1043 752 incertum
1076 701 1242 757 habeo,
1269 700 1447 764 pudeat
1468 699 1633 765 magis,

137 806 199 837 an
220 789 380 854 pigeat
403 790 647 839 disserere.

204 875 384 923 XCVI.
422 875 578 939 Igitur
623 874 768 932 Sulla,
805 881 860 922 ut
894 877 1037 939 supra
1070 872 1265 930 dictum,
1302 879 1554 936 postquam
1588 871 1639 920 in

135 959 347 1008 Africam
370 966 510 1025 atque
531 961 583 1008 in
617 967 770 1008 castra
791 959 937 1007 Marii
960 976 1067 1007 cum
1089 959 1304 1023 equitatu
1337 958 1479 1015 venit,
1507 957 1639 1006 rudis

137 1048 276 1094 antea
298 1052 346 1094 et
378 1046 572 1110 ignarus
605 1046 733 1103 belli,
761 1045 1130 1095 sollertissumus
1155 1044 1368 1092 omnium
1401 1045 1452 1091 in
1475 1044 1639 1108 paucis

137 1132 500 1196 tempestatibus
534 1132 688 1180 factus
723 1138 813 1180 est.
882 1131 962 1178 Ad
995 1132 1100 1187 hoc,
1124 1130 1300 1178 milites
1334 1129 1537 1193 benigne
1560 1129 1640 1178 ad-

136 1216 339 1280 pellare3
377 1218 540 1265 multis
564 1217 855 1280 rogantibus,
882 1214 984 1263 aliis
1018 1232 1103 1279 per
1138 1231 1187 1263 se
1220 1215 1322 1279 ipse
1357 1215 1467 1266 dare
1501 1215 1641 1264 bene-

138 1299 256 1356 ficia,
280 1298 458 1348 invitus
476 1299 684 1362 accipere
703 1318 713 1346 :
742 1299 826 1347 sed
848 1315 902 1346 ea
924 1297 1267 1362 properantius,
1286 1297 1426 1362 quam
1450 1313 1516 1345 ees
1539 1314 1641 1345 mu·

137 1478 227 1518 take
245 1478 310 1515 the
328 1478 548 1526 expression
565 1482 605 1516 to
623 1478 718 1516 refer
735 1478 827 1528 only
844 1482 884 1516 to
903 1490 926 1515 a
944 1476 1234 1516 dishonourable
1250 1478 1438 1527 marriage
1456 1478 1504 1516 he
1531 1480 1642 1518 made

137 1541 178 1578 in
196 1541 256 1578 his
274 1542 336 1579 old
355 1553 436 1589 age,
457 1542 553 1579 with
572 1553 642 1579 one
660 1541 938 1578 Valeria—M.

193 1605 209 1628 ⁵
226 1604 404 1643 Altitudo
423 1605 587 1656 inqeni]
611 1606 774 1643 Turneb.
794 1604 1012 1652 Adversar.,
1035 1606 1070 1652 3,
1084 1617 1116 1643 e.
1135 1606 1196 1653 15,
1212 1616 1310 1654 says,
1332 1605 1380 1642 In
1398 1607 1529 1643 eodem
1545 1605 1640 1643 libro

142 1670 226 1721 (np.
249 1670 341 1708 Sall.
361 1670 387 1708 J
388 1668 475 1720 ug.)
496 1671 663 1708 altitudo
682 1670 828 1719 inqenii
846 1682 924 1707 non
941 1675 1008 1717 est,
1030 1682 1115 1718 quae
1129 1667 1153 1706 ἐι
1173 1669 1350 1708 Cicerone
1364 1670 1486 1707 animi
1504 1670 1641 1707 altitu·

138 1735 201 1783 do,
221 1734 364 1773 scilicet
393 1736 568 1783 quaedam
600 1735 718 1773 animi
745 1735 957 1782 excelsitas,
979 1739 1017 1772 et
1035 1734 1260 1783 maynitudo
1278 1735 1319 1771 in
1349 1735 1501 1784 magnis
1531 1735 1643 1773 rebus

139 1799 323 1848 gerendis,
344 1803 383 1836 et
399 1800 647 1837 incommodis
659 1799 849 1847 capiendis
863 1803 901 1836 et
914 1799 1060 1836 fortiter
1074 1799 1235 1836 ferendis
1250 1813 1258 1845 3
1276 1800 1340 1836 sed
1351 1799 1516 1848 eleganti
1532 1800 1643 1836 novi-

136 1868 227 1912 tate,
248 1870 306 1904 est
324 1865 533 1913 profundus
551 1866 716 1914 quidam,
737 1864 889 1914 alteque
907 1866 1099 1903 demersus
1117 1866 1234 1902 animi
1252 1876 1393 1912 sensus,
1413 1877 1534 1914 neque
1548 1865 1645 1903 alius

139 1936 283 1980 patens,
321 1937 505 1980 notusve3
535 1933 601 1971 sed
631 1934 783 1980 penitus
809 1933 1032 1980 reconditus,
1071 1945 1166 1981 quae,
1195 1932 1269 1970 nisi
1295 1932 1415 1980 fallor,
1447 1929 1471 1967 a
1503 1931 1644 1971 Graecis

140 1996 308 2039 Beseda-ne
338 1998 487 2036 dicitur.
545 1998 608 2037 Sic
644 2001 772 2036 autem
806 1997 986 2047 loquitur,
1024 1999 1081 2035 ad
1113 1998 1336 2034 simulanda
1373 2003 1410 2034 et
1447 2010 1528 2046 quoe
1565 2011 1642 2047 seq.

138 2063 298 2102 Neither
315 2064 386 2102 has
404 2063 587 2111 Kritzius,
608 2064 649 2100 in
666 2063 726 2101 his
743 2063 836 2113 long
861 2067 960 2111 note,
980 2063 1142 2101 referred
1173 2068 1213 2101 to
1231 2063 1309 2101 this
1339 2067 1449 2112 great
1476 2063 1642 2111 scholar3

138 2129 210 2166 but
227 2130 275 2166 he
292 2129 363 2166 has
389 2133 430 2167 to
449 2129 570 2166 Beier.
591 2129 639 2166 ad
660 2128 737 2167 Cic.
759 2128 846 2176 Off„
871 2131 904 2176 1,
927 2129 989 2176 25,
1013 2130 1089 2175 883
1118 2129 1267 2166 Ernest.
1298 2129 1345 2165 ad
1365 2128 1497 2175 Tacit„
1520 2130 1554 2176 3,
1577 2130 1640 2177 44,

140 2195 190 2240 33
220 2194 505 2232 Drakenborch.
535 2195 584 2231 ad
603 2195 699 2241 Liv.,
720 2195 758 2242 4,
781 2196 815 2241 6,
840 2196 887 2231 12
906 2209 915 2241 3
945 2196 1021 2232 and
1041 2195 1118 2233 Cic.
1147 2195 1270 2242 Epist.
1291 2195 1340 2231 ad.
1357 2192 1488 2240 Attio„
1520 2195 1554 2241 5,
1580 2197 1641 2242 10,

139 2260 238 2297 med.
295 2259 377 2297 The
393 2260 517 2297 words
535 2260 577 2298 of
592 2259 669 2298 Cic.
690 2271 763 2306 are,
786 2259 920 2308 Itaque
935 2261 1168 2298 admirabere
1181 2271 1307 2298 meam
1321 2259 1538 2307 Baeavnva,
1556 2273 1644 2298 cum

139 2323 239 2362 salvi
255 2324 496 2362 redierimus:
525 2329 636 2362 tanta
653 2326 748 2362 mihi
765 2323 910 2373 μελέτη
927 2326 1044 2376 hUJuS
1061 2327 1217 2365 virtutis
1245 2327 1358 2365 datur
1373 2342 1384 2365 :
1410 2328 1537 2365 which
1555 2328 1643 2365 Ma-

139 2388 270 2426 nutius
287 2388 499 2436 interprets‚
522 2389 721 2428 Summam
740 2392 1050 2439 taciturnitatem,
1071 2404 1262 2430 summam
1280 2393 1321 2430 in
1338 2392 1490 2431 ferendo
1509 2396 1547 2430 et
1566 2393 1644 2430 dis-

140 2453 355 2492 simulando
388 2454 619 2502 gravitatem
648 2460 686 2493 et
714 2457 981 2503 prudentiam3
1012 2458 1088 2494 and
1116 2458 1230 2496 refers
1262 2462 1302 2496 to
1334 2458 1406 2505 Ep.
1441 2458 1505 2494 21.
1563 2458 1644 2494 The

140 2522 246 2559 word
264 2532 394 2558 occurs
412 2521 491 2558 also
509 2521 550 2558 in
567 2521 632 2559 lib.
656 2524 690 2569 6,
712 2523 783 2570 Ep.
807 2525 841 2570 1,
863 2524 912 2561 ad
929 2523 1059 2571 Attio„
1083 2521 1198 2569 Quod
1224 2536 1349 2563 meam
1368 2523 1577 2566 Βαθότη-τα,
1604 2528 1644 2566 in

141 2586 266 2634 Appio
284 2586 365 2633 tibi,
385 2585 600 2624 libertatem
618 2588 733 2625 etiam
750 2589 792 2626 in
809 2589 931 2627 Bruto
949 2591 1076 2638 probo,
1098 2590 1266 2630 &c.—C.

193 2649 210 2672 ⁶
232 2650 456 2700 Numquam
484 2664 600 2700 super
632 2652 866 2691 industriam
888 2655 1059 2704 fortuna
1085 2655 1206 2707 suia]
1236 2657 1461 2706 Numquam
1491 2660 1644 2698 fortuna

141 2717 288 2765 maj0ra
305 2715 361 2752 ini
378 2716 549 2763 contulit,
580 2729 695 2766 quam
713 2719 793 2766 ipse
819 2725 1018 2767 meruerat,
1049 2722 1246 2771 omnisque
1273 2735 1351 2762 suae
1377 2725 1538 2763 fortunae
1564 2726 1643 2773 ipse

141 2782 247 2820 faber
262 2780 460 2819 fuit—M.
