1889 3191
247 225 267 259 2
273 226 294 260 7
299 225 322 260 6
628 221 906 262 SALLUSTII
933 222 958 260 J
962 220 1345 261 UGURTHINUM.

243 339 338 385 tius
360 339 578 402 agebant,
603 340 656 387 eo
689 339 870 387 facilius
905 339 1202 396 tolerabatur,
1241 339 1349 403 quia
1372 338 1598 386 Numidae
1631 339 1729 401 ple-

245 441 441 489 rumque
462 425 582 473 lacte
605 432 651 473 et
684 424 835 473 ferina
868 441 1004 471 carne
1037 425 1357 479 vescebantur,
1384 440 1533 487 neque
1569 423 1729 476 salem,

244 526 395 575 neque
418 511 507 557 alia
528 510 820 558 irritamenta
842 509 965 571 gulae
987 508 1290 569 quaerebant:
1317 508 1433 555 cibis
1455 509 1547 556 illis
1570 508 1731 555 advor-

246 612 350 643 sum
389 595 561 643 famem
601 601 740 656 atque
780 594 922 648 sitim,
965 609 1060 639 non
1099 593 1314 648 lubidini,
1352 609 1500 656 neque
1533 593 1730 640 luxuriae

248 688 361 727 erat.

312 764 418 811 XC.
456 763 609 826 Igitur
633 763 824 819 Consul,
847 762 1065 808 omnibus
1084 761 1351 823 exploratis,
1380 761 1530 816 credo,
1559 761 1630 808 dis
1645 762 1733 809 fre-

244 858 322 896 tus
343 867 354 904 ;
392 865 502 896 nam
525 854 688 895 contra
710 854 866 894 tantas
891 846 1190 893 difficultates
1226 846 1420 893 consilio
1443 847 1559 893 satis
1582 849 1734 909 provi-

245 934 353 981 dere
375 949 471 980 non
493 939 708 996 poterat:
747 932 919 995 quippe
955 931 1097 977 etiam
1131 930 1358 977 frumenti
1391 931 1550 993 inopia
1583 938 1733 978 tenta-

244 1016 416 1071 batur,1
440 1015 564 1078 quod
587 1014 809 1062 Numidae
845 1014 1017 1076 pabulo
1051 1014 1231 1076 pecoris
1254 1015 1420 1078 magis,
1448 1017 1588 1078 quam
1623 1031 1732 1062 arvo

246 1101 450 1157 student,
491 1107 536 1148 et
573 1100 896 1164 quodcumque
930 1106 1095 1146 natum
1130 1099 1296 1156 fuerat,
1335 1100 1475 1163 jussu
1509 1100 1654 1163 Regis
1684 1101 1734 1148 in

244 1187 346 1233 loca
367 1187 550 1233 munita
571 1185 894 1240 contulerant3
931 1199 1039 1247 ager
1073 1191 1229 1231 autem
1264 1185 1438 1240 ariduS,
1466 1192 1512 1232 et
1546 1185 1734 1248 frugum

245 1288 417 1319 vacuus
441 1272 494 1319 ea
518 1277 811 1334 tempestate,
849 1287 959 1317 nam
995 1271 1173 1316 aestatis
1209 1278 1469 1318 extremum
1504 1279 1630 1326 erat3
1668 1279 1735 1320 ta-

244 1373 354 1404 men
376 1373 462 1420 pro
485 1357 552 1403 rei
570 1356 702 1418 copia
726 1357 839 1402 satis
858 1354 1154 1418 providenter
1172 1363 1366 1403 exornat
1386 1375 1396 1401 ε
1422 1373 1565 1418 pecus
1583 1373 1736 1412 omne,

247 1441 370 1504 quod
395 1441 714 1504 superioribus
738 1441 902 1488 diebus
926 1440 1102 1504 praedae
1126 1441 1291 1496 fuerat,
1318 1441 1552 1504 equitibus
1576 1443 1737 1490 auxili-

245 1603 361 1628 never
392 1593 481 1628 read
499 1596 606 1629 notes
624 1602 727 1629 more
745 1591 953 1629 calculated
983 1598 1022 1629 to
1041 1592 1198 1630 mislead
1216 1593 1281 1629 the
1311 1603 1443 1641 young
1461 1595 1624 1639 student,
1644 1595 1740 1631 than

244 1656 352 1693 those
371 1655 413 1692 of
426 1656 490 1692 the
509 1655 714 1692 American
741 1656 935 1703 professor.
994 1657 1166 1693 Kritzius
1185 1656 1264 1693 also
1292 1658 1399 1694 reads
1421 1659 1443 1677 “
1458 1670 1542 1706 quae
1569 1658 1739 1706 agebat,’'

245 1719 321 1755 and
348 1729 437 1766 says
454 1718 494 1754 in
513 1730 536 1755 a
554 1724 651 1764 note,
674 1719 796 1755 Terrae
815 1730 951 1756 nomen
971 1721 1109 1767 ayebat
1128 1720 1372 1766 praedicatum
1395 1721 1540 1766 habere,
1562 1722 1663 1769 quod
1679 1721 1739 1757 in-

245 1784 334 1821 colis
352 1784 463 1820 modo
491 1785 676 1830 convenit,
706 1784 818 1831 paulo
846 1785 975 1821 durius
994 1786 1145 1833 quidem
1177 1789 1243 1831 est,
1265 1786 1329 1822 sed
1347 1790 1475 1822 tamen
1506 1787 1546 1822 in
1574 1786 1741 1835 generali

246 1848 430 1885 sententia
456 1848 543 1885 ferri
570 1853 703 1896 potest.
763 1849 800 1886 It
827 1849 858 1886 is
886 1849 1069 1898 certainly
1107 1849 1256 1897 “paulo
1293 1850 1456 1887 durius.”
1522 1851 1594 1897 He,
1632 1853 1739 1889 how—

244 1922 342 1957 ever,
363 1912 451 1948 does
469 1916 536 1948 not
555 1912 680 1960 object
700 1916 738 1949 to
758 1913 823 1960 qui
842 1913 1008 1960 ayebant
1026 1913 1082 1949 for
1100 1914 1164 1950 the
1182 1924 1333 1950 reasons
1351 1914 1466 1961 given
1484 1915 1537 1962 by
1555 1914 1712 1952 Anthou
1728 1930 1736 1960 ς

243 1976 312 2011 but
335 1975 425 2023 why
442 1975 490 2011 he
508 1975 643 2012 should
662 1980 702 2012 at
720 1975 780 2022 all,
802 1977 834 2012 is
862 1988 884 2012 a
911 1981 1048 2013 matter
1067 1977 1108 2013 of
1132 1978 1293 2024 surprise
1322 1982 1361 2014 to
1385 1989 1456 2024 me,
1490 1979 1524 2014 if
1539 1979 1738 2017 Graecia—

244 2051 404 2088 quorum
436 2041 555 2077 above
586 2041 632 2078 be
659 2043 758 2090 good
787 2042 910 2079 Latin.
971 2043 1082 2078 Have
1118 2055 1174 2079 we
1206 2047 1273 2079 not
1304 2044 1343 2079 in
1377 2044 1530 2091 Lucian,
1563 2045 1663 2081 Dial.
1702 2045 1744 2081 of

245 2106 404 2153 Diogen.
427 2105 502 2141 and
520 2105 728 2152 Alexand„
751 2106 889 2143 edition
909 2107 951 2144 of
972 2118 1041 2154 my
1058 2106 1134 2143 late
1153 2107 1228 2143 and
1245 2107 1397 2144 learned
1415 2108 1545 2154 friend,
1567 2108 1735 2164 Walker‚

242 2171 400 2215 Ἕλλας,
433 2171 518 2222 ἄρτι
547 2185 584 2207 σε
618 2178 875 2224 ταςειληφπαι
906 2175 970 2211 τὴν
992 2170 1114 2223 ἀρχὴν
1134 2170 1409 2219 κολακὲυοντες,
1441 2172 1506 2209 καὶ
1527 2174 1739 2225 προστάτην

246 2236 552 2287 &gamunu—C.

300 2301 382 2340 XC.
415 2298 426 2320 ¹
449 2300 648 2336 Frumenti
676 2300 810 2348 inopia
840 2299 1098 2350 tentabatur]
1130 2301 1272 2349 Inopia,
1304 2313 1391 2350 says
1413 2303 1573 2349 Cortius,
1594 2304 1626 2339 is
1654 2304 1739 2340 here

243 2365 307 2401 the
326 2364 568 2401 nominative.
628 2363 769 2410 Crispo,
791 2364 924 2410 inquit,
946 2363 1020 2400 illae
1038 2375 1096 2401 res
1115 2365 1291 2401 dicuntur
1310 2366 1457 2411 tentari,
1479 2377 1573 2413 quae,
1595 2366 1740 2412 pericu-

244 2428 323 2463 lum
342 2432 409 2473 est,
430 2439 477 2464 ne
496 2427 697 2471 eveniant3
720 2431 786 2462 aut
801 2437 894 2474 quas
907 2427 1118 2474 quaerimus,
1136 2429 1364 2475 experimur,
1383 2433 1426 2464 ut
1441 2428 1736 2465 eveniant—M.

299 2489 440 2538 Inopia
461 2488 717 2539 tentabatur]
753 2488 894 2537 Inopia
913 2490 945 2525 is
973 2491 1038 2526 the
1057 2490 1234 2535 ablative,
1257 2495 1323 2527 not
1344 2492 1408 2527 the
1436 2491 1678 2537 nominative,
1701 2502 1742 2527 as

244 2555 394 2592 Cortius
413 2566 511 2602 says.
571 2554 639 2592 See
657 2565 737 2601 cap.
755 2555 818 2600 48,
839 2553 996 2591 Artibus
1016 2555 1161 2591 tentari
1180 2554 1470 2600 animadvertit3
1501 2556 1577 2592 and
1596 2555 1737 2598 Florus,

240 2618 276 2662 4,
301 2618 336 2663 2,
359 2618 420 2662 27,
440 2617 500 2655 Sic
518 2623 645 2654 tamen
659 2622 783 2654 castra
801 2622 950 2654 tentata
963 2623 1063 2654 sunt.
1121 2618 1292 2656 Kritzius
1305 2619 1505 2666 interprets
1517 2619 1738 2654 tentabatur

241 2680 339 2726 here,
360 2681 400 2717 in
421 2681 628 2727 periculum
647 2686 683 2719 et
702 2682 898 2730 angustias
927 2683 1190 2720 adducebatur.
1250 2683 1268 2719 I
1297 2683 1395 2720 have
1413 2683 1529 2720 taken
1547 2682 1625 2719 this
1651 2686 1738 2718 note

241 2743 340 2779 from
358 2743 550 2780 him-C.
