1889 3191
562 263 843 301 SALLL'STH
872 262 1141 302 CATILINA.
1555 264 1601 299 73

103 382 321 429 maxuma
346 396 428 444 spe
450 380 722 443 reipublicae
740 381 878 444 juxta
901 397 954 428 ac
980 380 1070 427 sibi
1094 378 1402 427 consuluisse.
1476 380 1602 427 Prae-

101 468 237 522 terea,
260 482 460 530 quorum
483 466 676 514 victoria
719 467 861 514 Sullae
899 474 1119 530 parentes
1165 465 1433 529 proscripti,
1478 465 1602 512 bona

100 560 273 616 erepta,
305 552 385 616 jus
415 552 646 599 libertatis
685 552 993 600 imminutum
1033 558 1146 607 erat,
1185 551 1316 598 haud
1359 552 1470 598 sane
1511 550 1600 597 alio

98 637 256 685 animo
294 637 406 685 belli
443 644 662 685 eventum
700 637 1048 700 exspectabant.
1119 637 1199 684 Ad
1238 637 1343 692 hoc,
1388 636 1602 699 quicum·

99 740 188 788 que
213 723 409 771 aliarum
434 730 573 787 atque
599 725 748 772 senati
772 724 979 788 partium
1003 730 1148 780 erant,
1188 722 1459 770 conturbari
1483 738 1602 769 rem-

98 810 350 872 publicam,
391 811 532 874 quam
572 810 731 857 minus
766 810 921 857 valere
960 810 1053 872 ipsi
1076 809 1332 856 malebant.
1403 808 1464 855 Id
1487 807 1599 855 adeo

98 897 276 944 malum
300 897 478 944 multos
496 906 604 960 post
624 896 793 944 annos⁵
819 898 869 943 in
891 896 1132 943 civitatem
1155 901 1422 943 reverterat.

167 983 459 1031 XXXVIII.
487 984 614 1030 Nam
638 990 890 1046 postquam
915 983 1002 1030 Cn.
1023 982 1249 1045 Pompeio
1274 988 1321 1028 et
1337 981 1409 1028 M.
1429 980 1601 1028 Crasso

98 1070 385 1118 Consulibus
409 1069 663 1116 tribunicia
688 1067 916 1132 potestasl
951 1068 1172 1115 restituta
1193 1088 1205 1122 ;
1248 1067 1465 1129 homines
1490 1067 1600 1114 ado-

96 1154 348 1203 lescentes2
401 1156 657 1218 [summam
702 1161 990 1218 potestatem
1035 1154 1204 1216 nacti]‚
1269 1154 1440 1217 quibus
1485 1161 1600 1200 aetas

95 1242 372 1305 animusque
409 1241 554 1297 ferox,
593 1257 788 1304 coepere,
835 1247 1052 1288 senatum
1078 1239 1386 1295 criminando,
1414 1239 1600 1303 plebem

96 1327 362 1391 exagitare3
400 1327 508 1375 dein
530 1327 793 1391 largiundo,
836 1335 975 1391 atque
1013 1326 1318 1390 pollicitando
1354 1326 1508 1389 magis
1532 1327 1601 1373 in-

95 1410 320 1467 cendere3
368 1411 436 1458 ita
474 1411 568 1474 ipsi
607 1411 719 1457 clari
755 1418 1066 1474 potentesque
1112 1411 1228 1458 fieri.
1300 1411 1478 1458 Contra
1520 1427 1598 1458 eos

96 1498 280 1543 summa
311 1513 398 1560 ope
437 1497 676 1544 nitebatur
714 1497 935 1561 pleraque
959 1496 1220 1552 nobilitas,³
1259 1497 1409 1545 senati
1446 1498 1599 1560 specie

93 1598 179 1643 pro
221 1582 305 1628 sua
341 1582 682 1645 magnitudine.
751 1583 982 1646 Namque,
1024 1583 1096 1630 uti
1130 1584 1292 1646 paucis
1340 1584 1594 1640 absolvam,

93 1682 177 1728 per
221 1666 303 1712 illa
356 1673 571 1730 tempora
616 1668 898 1731 quicumque
945 1669 1285 1731 rempublicam
1343 1669 1592 1732 agitavere,

93 1752 306 1798 honestis
329 1753 613 1809 nominibus,
643 1754 734 1809 alii,
768 1754 907 1800 sicuti
941 1754 1105 1817 populi
1133 1754 1242 1817 jura
1277 1754 1595 1810 defenderent,

91 1853 216 1899 pars,
244 1840 334 1900 quo
360 1839 510 1885 senati
534 1834 787 1886 auctoritas
810 1856 1031 1886 maxuma
1066 1839 1200 1896 foret,
1241 1840 1418 1887 bonum
1444 1842 1597 1904 publi-

91 1939 200 1970 cum
243 1923 536 1980 simulantes,
576 1941 663 1988 pro
702 1926 785 1971 sua
833 1925 1030 1988 quisque
1077 1926 1293 1989 potentia
1340 1927 1596 1974 certabant.

90 2025 240 2071 neque
264 2008 509 2066 modestia,
537 2026 688 2073 neque
713 2010 884 2057 modus
900 2011 1218 2058 contentionis
1238 2019 1337 2059 erat
1357 2034 1370 2068 3
1407 2013 1596 2076 utrique

91 2094 333 2141 victoriam
359 2095 610 2143 crudeliter
634 2097 933 2144 exercebant.

157 2180 394 2228 XXXIX.
436 2181 529 2229 Sed
577 2188 830 2246 postquam
879 2183 966 2231 Cn.
1009 2184 1263 2247 Pompeius
1309 2184 1370 2231 ad
1415 2184 1593 2232 bellum

144 2354 159 2375 ⁵
189 2354 335 2392 Multos
353 2360 447 2402 post
479 2354 638 2407 annos]
682 2356 791 2395 Since
821 2357 886 2394 the
916 2357 1075 2395 sedition
1108 2358 1150 2394 of
1175 2359 1240 2396 the
1271 2358 1444 2405 Gracchi,
1478 2360 1595 2397 about

89 2418 306 2466 sixty-nine
323 2431 435 2467 years
452 2421 577 2457 before
595 2421 796 2458 this—M.

145 2481 382 2518 XXXVIII.
413 2480 424 2503 ¹
462 2482 689 2520 Tribunicia
702 2483 914 2535 potestas]
947 2485 1015 2523 See
1047 2485 1139 2534 Jug.
1162 2497 1243 2533 cap.
1266 2485 1394 2522 xxvii.
1419 2489 1507 2523 note
1530 2489 1564 2523 1.

144 2542 159 2564 ²
187 2544 375 2581 Homines
407 2545 700 2596 adolescentes]
732 2547 977 2584 Hutchinson
995 2560 1044 2584 on
1065 2548 1308 2596 Xenophon's
1329 2551 1499 2592 Αναβαισ,
1527 2550 1592 2588 lib.

89 2609 124 2654 2,
147 2619 183 2655 p.
207 2609 294 2654 116,
315 2609 429 2646 refers
456 2610 521 2646 the
550 2610 679 2646 reader
710 2614 750 2646 to
770 2610 834 2646 the
861 2615 950 2647 note
977 2612 1020 2647 of
1035 2610 1187 2649 Cortius
1206 2612 1305 2649 here.
1363 2613 1432 2651 See
1451 2614 1540 2661 also,
1563 2616 1595 2652 si

89 2671 188 2708 tanti
206 2676 273 2718 est,
295 2684 364 2720 my
380 2677 469 2709 note
488 2684 536 2709 on
554 2672 580 2709 J
582 2685 646 2721 ug.
668 2684 698 2709 c.
724 2674 784 2719 12,
807 2674 881 2710 and
900 2674 1028 2710 Mair’s
1048 2674 1241 2713 alsa—C.

146 2733 162 2755 ³
191 2736 389 2784 Pleraque
407 2735 625 2786 nobilitas]
658 2735 854 2786 Pleraque
872 2737 904 2774 is
936 2738 1022 2774 here
1052 2738 1092 2774 in
1123 2739 1189 2775 the
1217 2739 1390 2788 singular
1420 2743 1590 2779 number.

92 2798 160 2837 See
178 2800 270 2848 Jug.
291 2811 371 2848 cap.
394 2800 460 2837 liv.
481 2805 570 2838 note
589 2799 737 2837 4.-M.

1348 2896 1385 2926 H
