1889 3191
535 261 816 302 SALLUSTII
843 262 1262 302 JUGURTHINUM.
1579 269 1599 303 ‘2
1607 269 1627 304 3
1633 268 1655 304 3

150 381 368 437 fectabat,
407 386 510 427 tum
544 386 707 427 contra
730 379 981 428 Metellum
1014 380 1323 429 vehementer
1357 382 1648 431 accenderat.

149 467 226 513 Ita
248 465 466 529 cupidine
489 470 629 528 atque
650 465 734 521 ira,
762 465 996 528 pessumis
1021 465 1385 522 consultoribus,
1412 470 1615 529 grassari
1637 489 1646 515 :

145 567 295 615 neque
325 550 449 598 facto
473 551 582 607 ullo,
610 567 761 615 neque
784 551 910 598 dicto
945 551 1194 607 abstinere,
1224 552 1351 616 quod
1385 552 1525 600 modo
1551 571 1649 600 am-

144 629 369 683 bitiosum
419 635 541 684 foret
559 636 594 683 :⁵
644 637 834 692 milites,
877 637 1048 701 quibus
1088 637 1139 684 in
1176 637 1388 685 hibernis
1428 649 1644 702 praeerat,

141 721 315 769 laxiore
337 722 550 786 imperio,
578 725 718 786 quam
742 730 895 780 antea,
921 723 1124 771 habere:
1163 724 1291 788 apud
1307 725 1639 787 negotiatores,

140 824 340 872 quorum
363 825 536 871 magna
570 809 827 857 multitudo
853 810 1009 857 Uticae
1049 817 1161 867 erat,
1191 811 1442 858 criminose
1485 811 1639 867 simul,

140 902 187 941 et
222 894 473 957 magnifice
514 894 571 943 de
612 896 734 943 bello
771 895 927 960 loqui:
984 895 1227 942 “dimidia
1261 913 1370 960 pars
1413 897 1643 944 exercitus

137 981 227 1028 sibi
250 982 614 1042 permitteretur,
655 983 818 1046 paucis
853 982 1018 1030 diebus
1054 983 1086 1030 J
1090 983 1345 1045 ugurtham
1380 984 1430 1030 in
1463 985 1641 1031 catenis

134 1068 440 1115 habiturum:
479 1069 536 1115 ab
573 1068 854 1129 imperatore
895 1069 1108 1115 consulto
1147 1068 1286 1123 trahi,
1333 1069 1460 1132 quod
1494 1070 1638 1117 homo

133 1154 286 1200 inanis
311 1161 358 1201 et
380 1155 522 1216 regiae
545 1153 798 1216 superbiae‘3
823 1154 1021 1217 imperio
1040 1154 1181 1201 nimis
1205 1155 1477 1217 gauderet.''
1518 1157 1638 1211 Quae

132 1240 291 1287 omnia
314 1240 405 1286 illis
430 1242 482 1287 eo
506 1240 714 1287 firmiora
726 1240 1020 1296 videbantur,
1044 1241 1170 1304 quod
1194 1241 1505 1289 diuturnitate
1528 1243 1639 1290 beili

131 1341 204 1371 res
228 1324 471 1372 familiaris
495 1332 814 1389 corruperant,
844 1334 891 1372 et
927 1326 1083 1372 animo
1119 1326 1329 1388 cupienti
1363 1327 1485 1374 nihil
1521 1330 1636 1375 satis

131 1411 426 1459 festinatur.⁷

197 1498 348 1544 LXV.
387 1499 503 1545 Erat
526 1500 758 1562 praeterea
790 1499 841 1546 in
876 1498 1084 1546 exercitu
1106 1506 1268 1546 nostro
1295 1500 1507 1547 Numida
1531 1502 1632 1565 qui-

74 1581 78 1583 ’
127 1582 250 1639 dam,
279 1584 468 1631 nomine
497 1585 676 1640 Gauda,
707 1585 1048 1632 Mastanabalis
1084 1585 1225 1641 filius,
1255 1586 1529 1634 Masinissae
1555 1606 1632 1635 ne-

126 1687 226 1732 pOS,
256 1688 394 1736 quem
420 1672 627 1735 Micipsa
650 1680 935 1720 testamento
961 1671 1220 1719 secundum
1245 1672 1465 1720 heredem
1487 1675 1631 1737 scrip·
1686 1692 1690 1694 ’

127 1759 282 1814 serat,¹
307 1759 484 1806 morbis
507 1759 762 1815 confectus,
791 1767 838 1805 et
862 1759 920 1805 ob
958 1775 1059 1805 eam
1084 1774 1298 1805 caussam
1337 1768 1491 1807 mente
1516 1778 1629 1824 pau-

177 1961 192 1982 ⁵
213 1962 467 2001 Ambitiosum
478 1965 620 2016 soret]
651 1966 909 2004 Ambitiosum
938 1972 1059 2009 vocat,
1082 1969 1183 2015 quod
1210 1974 1266 2005 est
1294 1969 1343 2004 ad
1370 1968 1536 2005 favorem
1567 1982 1631 2006 ac-

121 2030 346 2078 quirendum
367 2032 753 2079 comparatum—M.

174 2093 190 2116 ⁸
211 2096 337 2144 Reyiae
355 2095 574 2147 superbiae.]
607 2097 771 2146 Regium
799 2097 940 2144 dieunt,
960 2097 1145 2145 quidquid
1173 2098 1407 2135 intolerabile
1435 2106 1470 2136 et
1491 2100 1628 2135 immo-

119 2163 371 2201 dicum.—-M.

174 2230 187 2249 ⁷
208 2228 469 2280 Festinatur]
503 2229 570 2268 See
589 2231 682 2268 both
714 2230 841 2268 Sanct.
870 2231 946 2267 and
966 2230 1136 2267 Perizon.
1171 2232 1211 2267 in
1245 2233 1309 2268 the
1328 2232 1435 2268 work
1455 2244 1496 2269 so
1525 2233 1627 2269 often

119 2298 281 2346 quoted;
311 2296 376 2332 the
394 2295 509 2333 latter
527 2297 569 2333 of
592 2297 719 2333 whom
751 2298 822 2334 has
853 2302 919 2333 not
952 2296 1143 2344 forgotten
1171 2298 1248 2334 this
1279 2297 1385 2344 place
1413 2298 1455 2334 of
1470 2298 1623 2346 Sallust,

117 2364 283 2409 treating
302 2362 343 2398 of
348 2363 554 2410 festinare,
575 2374 612 2410 p.
635 2361 828 2400 334.-C.

173 2427 296 2464 LXV.
327 2424 339 2447 ¹
363 2426 577 2462 Secundum
607 2426 781 2463 heredem
818 2426 1068 2477 scripserat]
1102 2427 1296 2466 Secundus
1326 2429 1433 2465 heres
1466 2441 1545 2466 was
1579 2431 1625 2465 he

117 2493 203 2530 who
222 2504 300 2529 was
319 2492 522 2540 appointed
539 2492 630 2537 heir,
651 2492 692 2527 in
711 2503 794 2529 case
826 2492 892 2528 the
910 2492 992 2528 first
1011 2493 1105 2538 died,
1127 2504 1168 2528 or
1197 2493 1395 2530 otherwise
1416 2494 1526 2530 could
1545 2502 1623 2542 not,

116 2569 158 2594 or
176 2557 302 2594 would
320 2561 397 2603 not,
418 2557 508 2593 take
538 2557 769 2603 possession3
799 2557 875 2594 and
907 2557 938 2592 it
969 2568 1048 2593 was
1068 2557 1247 2606 ordinary
1275 2558 1333 2594 for
1359 2559 1516 2605 princes,
1548 2562 1624 2597 and

114 2632 270 2668 persons
288 2621 330 2658 of
343 2624 452 2669 great
470 2624 616 2666 estates,
638 2624 678 2656 to
696 2632 818 2666 name⁷
835 2621 876 2656 in
894 2621 994 2657 their
1012 2620 1120 2666 wills,
1142 2626 1209 2657 not
1229 2621 1319 2670 only
1339 2634 1361 2658 a
1385 2625 1531 2671 second,
1553 2626 1624 2662 but

115 2696 138 2721 a.
172 2685 286 2730 third,
319 2696 361 2721 or
395 2695 490 2720 even
523 2695 546 2720 a.
577 2684 706 2721 fourth
737 2684 828 2720 heir.
886 2684 1244 2731 >LE—Heredem,
1265 2697 1331 2732 per
1360 2687 1524 2735 simplex
1545 2701 1563 2725 e
1583 2691 1623 2725 in

115 2747 228 2786 MSS.
249 2747 360 2785 scribi
378 2747 495 2794 scias;
516 2758 674 2796 eamque
692 2748 916 2795 scripturam
936 2748 1127 2794 doctiores,
1151 2754 1194 2786 ut
1213 2749 1528 2798 antiquissimam,
1551 2754 1619 2789 ho-

117 2811 175 2849 die
193 2810 594 2859 amplectuntur-M.

1327 2893 1363 2924 Χ
1389 2880 1417 2924 2
