1889 3191
528 238 809 280 SALLUSTII
836 238 861 276 J
865 235 1255 277 UGURTHINUM.
1562 235 1584 270 ‘2
1592 235 1639 271 69

135 357 291 406 viris²2
314 359 381 406 ita
399 357 570 422 accepi,
592 355 850 404 munditias
865 355 1153 410 mulieribus,
1174 353 1287 399 viris
1308 351 1516 399 laborem
1535 368 1644 398 eon-

133 445 304 502 venire,
331 444 642 507 omnibusque
665 442 801 490 bonis
825 448 1041 505 oportere
1063 440 1172 503 plus
1196 437 1376 501 gloriae,
1405 440 1545 500 quam
1572 437 1639 483 di-

132 530 389 585 vitiarum3
420 546 576 604 arma,
602 545 698 576 non
737 527 1076 592 supellectilem
1120 524 1277 573 decori
1314 539 1434 570 esse.
1510 521 1641 578 Quin

133 632 244 678 ergo
268 615 394 680 quod
410 615 560 679 juvat,
588 614 716 678 quod
750 630 909 662 carum
945 617 1218 667 aestumant,
1243 610 1294 657 id
1320 623 1507 672 semper
1530 607 1644 655 faci-

135 708 246 748 ant:
273 708 444 759 ament,
473 708 640 766 potent
662 722 674 757 ;
717 701 799 748 ubi
834 700 1200 748 adolescentiam
1235 697 1456 752 habuere,
1483 694 1551 742 ibi
1576 711 1645 741 se-

134 795 374 836 nectutem
397 795 554 852 agant,
580 788 631 835 in
654 787 892 842 conviviis,
921 786 1069 834 dediti
1093 785 1245 833 ventri
1268 790 1315 832 et
1338 782 1643 846 turpissumae

131 876 260 937 parti
297 875 533 938 corporis:
572 874 807 929 sudorem,
849 872 1104 936 pulverem,
1143 878 1190 918 et
1231 870 1323 917 alia
1361 869 1475 916 talia
1509 868 1649 915 relin-

137 967 286 1023 quant
307 961 459 1017 nobis,
486 961 659 1025 quibus
682 961 763 1007 illa
786 959 937 1022 epulis
955 958 1241 1022 jucundiora
1263 963 1392 1003 sunt.
1465 955 1648 1002 Verum

139 1062 237 1093 non
260 1052 332 1093 est
354 1046 437 1093 ita.
512 1047 640 1094 Nam
669 1047 751 1094 ubi
775 1061 824 1093 se
850 1044 1070 1092 omnibus
1093 1043 1286 1107 flagitiis
1313 1042 1650 1090 dedecoravere

140 1131 419 1195 turpissumi
442 1132 544 1188 viri,
564 1133 797 1180 bonorum
822 1131 1020 1196 praemia
1042 1136 1258 1192 ereptum
1282 1135 1411 1175 eunt.
1481 1128 1558 1173 Ita
1581 1128 1651 1172 in-

133 1217 416 1282 justissume
438 1218 624 1264 luxuria
659 1223 707 1264 et
746 1217 945 1281 ignavia,
972 1232 1210 1280 pessumae
1250 1221 1390 1269 artes,
1430 1212 1538 1269 illis,
1568 1212 1650 1275 qui

139 1303 325 1351 coluere
367 1319 460 1359 eas,
501 1303 623 1350 nihil
664 1303 891 1351 obfieiunt
917 1323 928 1358 3
971 1301 1244 1365 reipublicae
1283 1298 1491 1347 innoxiae
1526 1298 1651 1346 eladi

142 1396 270 1436 sunt.
341 1389 484 1436 Nunc
517 1389 740 1452 quoniam
775 1389 884 1444 illis,
923 1394 1154 1452 quantum
1200 1402 1356 1433 mores
1396 1385 1506 1440 mei,
1555 1401 1651 1431 non

141 1478 329 1525 illorum
353 1479 548 1541 flagitia,
575 1479 847 1541 poscebant,
874 1475 1127 1540 respondi;
1154 1491 1303 1538 pauca
1328 1473 1385 1521 de
1409 1472 1653 1536 republica

143 1565 321 1628 loquar.
391 1563 606 1611 Primum
642 1564 853 1612 omnium
889 1563 946 1611 de
969 1561 1198 1610 Numidia
1231 1561 1409 1608 bonum
1431 1559 1654 1608 habetote

139 1651 367 1707 animum,
396 1652 623 1707 Quirites.
683 1651 809 1697 Nam
835 1667 940 1714 quae
956 1649 1016 1696 ad
1039 1649 1129 1695 hoo
1150 1655 1339 1710 tempus
1359 1646 1651 1709 ,Iugurtham

140 1743 248 1784 tuta
271 1744 395 1793 sunt,
424 1737 583 1784 omnia
618 1736 898 1792 removistis,
938 1735 1197 1789 avaritiam,
1234 1733 1536 1796 imperitiam,
1578 1749 1654 1779 su-

142 1822 370 1885 perbiam.
441 1822 625 1870 Deinde
649 1823 878 1871 exercitus
901 1820 969 1868 ibi
993 1827 1078 1877 est,
1105 1820 1317 1867 locorum
1344 1818 1496 1866 sciens
1518 1840 1529 1874 ;
1570 1818 1653 1865 sed

142 1908 407 1956 mehercule
429 1910 580 1972 magis
606 1916 840 1964 strenuus,
869 1910 1008 1971 quam
1033 1906 1161 1953 felix.
1201 1905 1328 1953 Nam
1352 1921 1527 1968 magna
1541 1921 1650 1967 pars

142 1994 352 2050 avaritia,
380 2001 461 2042 aut
476 1995 740 2042 temeritate
759 1991 975 2041 ducum²³
995 1992 1169 2040 adtrita
1184 1999 1272 2040 est.
1335 1991 1654 2047 Quamobrem

146 2096 243 2137 vos,
279 2081 450 2145 quibus
474 2081 690 2130 militaris
706 2079 883 2138 aetas,2⁴
905 2080 1176 2128 adnitimini
1195 2095 1395 2134 mecum,
1426 2085 1470 2125 et
1494 2093 1651 2143 capes-

201 2276 230 2300 2
249 2279 318 2316 Ex
337 2279 485 2316 sanctis
504 2277 633 2329 viris.]
665 2279 826 2318 Sanctos
854 2279 986 2316 dicunt
1005 2277 1108 2315 viros
1133 2277 1407 2325 integerrimos,
1429 2281 1466 2313 et
1494 2276 1532 2311 in
1553 2276 1657 2311 omni

144 2345 215 2382 sua
231 2343 315 2382 vita
333 2346 381 2381 ad
400 2345 524 2393 legem
542 2344 894 2392 compositos—M.

197 2409 226 2432 ἢ
247 2411 440 2456 Avaritia,
463 2417 534 2447 ant
552 2412 766 2447 temeritate
784 2408 958 2460 ducum]
990 2409 1052 2458 By
1072 2410 1137 2447 the
1166 2409 1314 2446 avarice
1333 2408 1375 2445 of
1390 2407 1531 2453 Bestia,
1555 2419 1595 2443 as
1615 2408 1654 2442 in

143 2489 226 2524 cap.
248 2477 310 2522 29,
332 2476 407 2511 and
426 2475 468 2511 of
481 2474 659 2513 Albinus.
679 2487 760 2522 cap.
783 2477 846 2521 36,
867 2476 921 2523 by
948 2475 1014 2512 the
1031 2474 1208 2511 rashness
1227 2473 1270 2510 of
1283 2472 1420 2518 Aulus,
1441 2484 1483 2509 as
1510 2472 1550 2508 in
1570 2483 1651 2519 cap.

145 2542 195 2578 37
216 2541 292 2577 and
311 2540 387 2586 383
415 2540 491 2576 and
508 2540 696 2587 probably
713 2541 762 2576 he
781 2539 862 2576 also
879 2540 950 2576 has
976 2538 1017 2575 in
1036 2540 1096 2575 his
1114 2538 1282 2586 thought
1301 2538 1367 2575 the
1394 2536 1654 2573 unsuceessful

144 2610 309 2653 attempt
327 2606 369 2642 of
382 2605 559 2643 Metellus
578 2606 730 2654 against
745 2605 874 2652 Zama,
892 2606 969 2642 and
982 2606 1048 2642 the
1061 2605 1138 2642 loss
1152 2605 1194 2641 of
1203 2605 1268 2641 the
1282 2604 1455 2653 garrison
1471 2610 1511 2640 at
1528 2603 1651 2652 Vaga.

143 2669 253 2706 -Μ,

200 2734 228 2758 ²⁸
256 2735 403 2778 Quibus
421 2735 607 2772 militaris
626 2733 756 2786 aetas.]
780 2735 892 2773 From
913 2736 977 2773 the
997 2748 1067 2784 age
1087 2736 1129 2772 of
1144 2739 1343 2773 seventeen
1361 2745 1472 2783 years
1492 2735 1565 2770 and
1586 2746 1655 2782 up·

143 2801 278 2848 wards,
302 2805 342 2838 to
364 2800 576 2849 fifty.-M.

1311 2868 1450 2911 2242
