1889 3191
545 257 824 302 SALLUSTII
853 255 1122 300 CATILINA.
1533 262 1581 298 69

90 380 212 438 dere,
237 382 414 446 praeter
431 397 588 428 rerum
612 379 884 442 capitalium
908 376 1303 426 condemnatis.’'³
1350 377 1586 425 Praeterea

90 470 311 526 decernit,
366 468 480 515 “uti
517 467 747 515 Consules
779 465 1013 512 delectum
1042 463 1248 510 habeant
1269 462 1302 517 3⁴
1348 461 1586 509 Antonius

89 572 196 603 cum
228 554 434 602 exercitu
462 553 715 601 Catilinam
752 551 970 615 persequi
1005 556 1245 605 maturet3
1289 549 1453 596 Cicero
1482 547 1589 594 urbi

88 644 311 707 praesidio
353 641 455 690 sit-'⁹
545 641 614 688 Ea
654 648 932 704 tempestate
972 639 1092 687 mihi
1134 639 1386 702 imperium
1426 637 1592 701 populi

89 730 294 778 Romani
328 726 478 776 multo
503 730 722 775 maxume
762 726 1025 774 miserabile
1058 726 1246 779 visum3
1283 724 1359 771 cui
1380 722 1489 771 cum
1531 722 1591 770 ad

91 833 308 864 occasum
357 816 414 863 ab
451 822 558 861 ortu
593 814 704 861 solis
740 809 898 861 omnia
932 813 1111 860 domita
1155 812 1297 859 armis
1341 806 1589 875 pateren't3

92 899 220 949 domi
243 901 394 949 otium
417 908 557 964 atque
581 901 773 956 divitiae,
809 916 915 963 quae
937 899 1091 962 prima
1124 895 1366 945 mortales⁵
1401 905 1589 961 putant,

97 1056 159 1100 12,
192 1054 249 1091 Ut
268 1053 332 1101 qui
352 1053 446 1090 civis
476 1063 686 1099 campanus
719 1055 806 1088 ante
835 1055 975 1087 certam
1005 1049 1105 1086 diem
1131 1049 1329 1086 transisset
1359 1049 1438 1086 sine
1465 1049 1596 1087 fraude

93 1115 314 1154 esset—M.

151 1179 243 1216 Sine
252 1176 437 1229 frauda]
467 1178 557 1215 Add
584 1182 625 1215 to
644 1177 775 1215 Mair’s
804 1181 901 1223 note,
923 1176 1033 1226 Vir-g.
1056 1175 1144 1213 AEn.
1165 1188 1207 1213 x.
1227 1189 1266 1213 v.
1289 1177 1311 1214 7
1316 1177 1351 1223 2,
1382 1177 1458 1214 and
1487 1175 1592 1214 Serv.

94 1249 144 1285 ad
157 1248 245 1284 AEn.
267 1247 322 1283 xi.
342 1259 381 1283 v.
404 1249 426 1284 7
433 1247 506 1292 083
528 1246 605 1284 Cic.
628 1247 663 1292 8,
685 1245 822 1292 Philip.
844 1257 874 1281 c.
893 1245 928 1291 9,
944 1244 1004 1281 Ne
1021 1244 1146 1280 fraudi
1166 1244 1224 1290 sit,
1245 1242 1312 1279 διο.
1331 1257 1341 1290 ;
1357 1244 1432 1280 and
1450 1244 1500 1280 ib.
1520 1242 1596 1280 last

94 1314 259 1361 chapter,
280 1323 371 1349 near
388 1312 455 1349 the
484 1312 578 1358 end3
596 1315 633 1348 et
650 1311 691 1346 in
707 1310 948 1356 Cornelianis,
965 1309 1025 1346 Ne
1040 1309 1166 1345 fraudi
1191 1308 1241 1344 sit
1259 1308 1302 1354 ei,
1320 1309 1386 1356 qui
1411 1307 1595 1356 populum

96 1383 145 1420 ad
163 1383 442 1419 contentionem
456 1380 613 1417 vocarit.
671 1379 775 1417 Serv.
798 1379 896 1415 cited
928 1379 1047 1415 above
1074 1378 1255 1425 produces
1286 1378 1391 1414 these
1409 1378 1533 1414 words
1560 1377 1603 1413 of

97 1447 252 1486 Sallust.
311 1446 380 1484 See
398 1446 477 1483 also
497 1446 581 1482 Liv.
596 1445 660 1482 lib.
679 1446 741 1491 34,
758 1444 868 1481 Nihil
881 1448 1061 1491 praeterea
1072 1454 1159 1480 cum
1178 1442 1328 1479 consule
1353 1443 1463 1490 pacti,
1481 1454 1597 1490 quam

96 1518 142 1550 ut
160 1513 240 1549 sine
256 1511 390 1548 fraude
414 1511 601 1547 Punicum
621 1510 855 1547 emitteretur
880 1509 1108 1556 praesidium,
1141 1508 1203 1545 ὅτε.
1262 1507 1357 1544 Hor.
1377 1507 1442 1544 lib.
1464 1509 1499 1553 2,
1523 1507 1594 1545 Od.

101 1578 163 1625 19,
183 1589 222 1614 v.
243 1577 307 1623 20,
324 1576 404 1614 Ubi
421 1576 500 1612 vid.
519 1575 654 1622 interp.
676 1580 714 1611 et
734 1574 860 1612 Carm.
876 1573 1010 1611 Saecul.
1029 1585 1067 1609 v.
1084 1574 1134 1609 41
1151 1587 1160 1619 3
1179 1572 1257 1609 vid.
1271 1576 1310 1609 et
1321 1571 1430 1609 Paul.
1446 1571 1596 1609 Manut.

99 1642 140 1678 in
160 1641 326 1679 Ciceron.
355 1640 420 1676 lib.
443 1643 478 1687 7,
495 1639 566 1687 Ep.
593 1641 656 1686 26,
679 1640 728 1675 ad
747 1638 881 1675 Famil.
901 1650 938 1685 p.
961 1636 1152 1675 787.-C.

153 1706 169 1728 ³
184 1703 686 1754 Praeter-condemnatis]
709 1704 856 1740 Praeter
874 1705 907 1741 is
924 1705 1014 1741 here
1031 1707 1101 1751 put
1116 1702 1350 1751 adverbially
1366 1702 1424 1738 for
1441 1705 1600 1749 praeter-

102 1784 239 1820 quam,
269 1770 346 1806 and
364 1769 626 1805 condemnaris
644 1768 676 1804 is
694 1769 760 1805 the
779 1768 917 1813 dative,
938 1767 1052 1815 being
1071 1767 1263 1815 governed
1279 1767 1334 1814 by
1346 1765 1597 1802 liceret.—M.

156 1835 306 1871 Praeter
326 1830 623 1881 condemnatis]
646 1829 800 1868 Praeter
817 1832 875 1868 for
892 1835 1156 1878 praeterquam.
1215 1829 1284 1867 See
1299 1829 1465 1866 Budaeus
1482 1828 1524 1864 in
1540 1827 1602 1864 his

105 1900 358 1940 Commentar.
379 1908 416 1944 p.
440 1897 556 1943 1036,
572 1897 658 1933 who
678 1900 810 1944 quotes
821 1895 920 1932 from
936 1895 1014 1934 Cic.
1032 1896 1092 1932 ad.
1108 1895 1227 1932 Attic.
1242 1895 1308 1932 lib.
1327 1894 1362 1941 5,
1378 1895 1416 1939 3,
1433 1892 1497 1930 Ad
1509 1905 1603 1941 quas

101 1967 231 2004 literas
249 1964 321 2002 tibi
340 1962 492 2000 rescribi
509 1962 607 1999 velis
624 1963 771 2008 nescio,
800 1962 927 1999 nullas
946 1962 1047 1999 enim
1066 1962 1192 1999 adhuc
1220 1972 1446 2008 acceperam,
1460 1965 1604 2008 praeter

105 2045 189 2082 quae
207 2031 302 2068 mihi
319 2030 419 2067 binae
439 2029 554 2066 semel
572 2029 612 2065 in
631 2029 845 2066 Trebulano
862 2029 1019 2066 redditae
1033 2032 1132 2065 sunt.
1191 2028 1244 2064 Et
1263 2027 1312 2064 ad
1328 2026 1512 2071 Quintum
1525 2025 1605 2063 fra-

103 2107 212 2148 trem,
231 2101 297 2137 lib.
321 2101 355 2146 1,
377 2098 506 2147 Atque
525 2099 640 2135 etiam
661 2101 682 2140 ὲ
703 2098 846 2137 Graecis
873 2099 966 2146 ipsis
985 2099 1164 2136 cavendae
1184 2101 1272 2134 sunt
1301 2097 1474 2144 quaedam
1493 2095 1606 2132 fami-

104 2166 300 2211 liaritates,
315 2168 459 2211 praeter
489 2164 688 2200 hominum
718 2174 1004 2211 perpaucorum,
1037 2163 1068 2200 si
1098 2163 1163 2211 qui
1195 2166 1285 2199 sunt
1314 2166 1441 2198 vetere
1461 2160 1607 2199 Graecia

107 2232 223 2280 digni.
282 2231 331 2270 So
352 2237 452 2270 πλὴν
470 2231 503 2267 is
520 2231 614 2268 used
630 2230 672 2266 in
693 2229 826 2276 Greek,
848 2241 890 2266 as
907 2230 956 2266 he
975 2230 1079 2266 there
1097 2228 1335 2266 shows—C.

160 2294 176 2317 ⁴
195 2296 392 2334 Dilectum
410 2294 614 2346 habeant]
635 2296 764 2334 When
783 2308 806 2333 a
825 2295 956 2332 consul
974 2307 1016 2333 or
1033 2295 1196 2344 general,
1212 2296 1266 2343 by
1285 2295 1392 2331 order
1410 2293 1452 2330 of
1465 2294 1530 2330 the
1549 2304 1606 2330 se-

108 2367 207 2409 nate,
229 2362 438 2400 assembled
456 2363 521 2399 the
538 2362 670 2410 youth,
693 2361 768 2398 and
778 2361 915 2408 picked
929 2365 995 2397 out
1007 2361 1100 2398 such
1113 2371 1267 2408 persons
1276 2371 1317 2396 as
1336 2360 1428 2408 they
1442 2359 1609 2407 thought

108 2438 243 2475 proper
260 2428 318 2463 for
335 2428 401 2464 the
420 2428 570 2473 service,
592 2426 766 2474 obliging
784 2426 890 2463 them
922 2430 961 2462 to
990 2425 1111 2471 enlist,
1134 2425 1210 2462 and
1238 2426 1329 2461 take
1347 2425 1412 2461 the
1440 2422 1610 2470 military

111 2494 223 2538 oath3
252 2494 329 2530 this
347 2504 426 2529 was
445 2492 564 2530 called
583 2492 762 2528 dilectum
783 2492 933 2537 habere,
955 2491 1031 2527 and
1049 2501 1129 2528 was
1156 2489 1247 2538 only
1264 2489 1357 2526 used
1383 2488 1425 2525 in
1443 2499 1546 2525 cases
1573 2487 1617 2524 of

112 2556 420 2605 necessity.—M.
475 2556 555 2593 Not
574 2557 753 2592 dilectum
770 2557 841 2592 but
860 2554 1158 2591 delectum—C.

167 2620 183 2642 ⁵
206 2623 298 2666 Quae
310 2623 444 2671 prima
464 2621 656 2667 mortales,
677 2618 768 2670 &c.]
790 2619 858 2658 See
875 2619 1046 2656 Perizon.
1064 2629 1114 2655 on
1133 2618 1260 2656 Sanct.
1280 2617 1442 2655 Minerv.
1455 2630 1493 2666 p.
1520 2619 1609 2665 719,

114 2691 200 2727 who
221 2689 313 2726 cites
332 2687 444 2727 Catil.
469 2689 529 2734 10,
552 2687 605 2724 Iis
624 2686 754 2731 otium,
769 2685 923 2731 divitiae,
947 2686 1121 2732 optanda
1140 2683 1203 2734 (as
1220 2685 1269 2721 he
1286 2684 1463 2733 properly
1479 2682 1610 2734 reads)

116 2755 200 2792 aliis
211 2754 314 2791 oneri
327 2754 562 2800 miseriaeque
574 2752 677 2788 fuere
692 2766 701 2799 3
722 2752 798 2789 and
813 2750 898 2789 Cat.
915 2762 946 2787 c.
959 2752 1021 2796 54,
1036 2750 1110 2787 His
1118 2762 1249 2799 genus,
1267 2755 1368 2797 aetas,
1389 2750 1612 2799 eloquentia,

116 2831 231 2867 prope
249 2818 410 2867 aequalia
426 2818 552 2864 fuere;
573 2818 648 2855 and
666 2816 757 2866 Jug.
780 2817 815 2862 8,
833 2814 946 2854 Ultro
964 2815 1020 2852 illi
1038 2815 1198 2865 gloriam
1217 2820 1255 2854 et
1272 2828 1433 2865 regnum
1452 2821 1613 2853 ventura
