1889 3191
546 243 824 283 SALLUSTII
848 245 871 281 J
879 244 1264 282 L'GL'RTHINUM.
1564 246 1613 280 22
1622 247 1640 280 1

141 378 353 410 sumum.
424 361 659 408 Praeterea
703 360 965 423 pollicetur,
1008 360 1059 406 in
1105 366 1315 421 tempore
1352 368 1498 406 semet
1535 377 1642 407 cum

139 446 348 494 exercitu
388 446 560 493 adfore.
630 446 707 492 Ita
752 446 1025 509 compositis
1071 446 1227 502 rebus,
1272 446 1322 492 in
1359 446 1462 493 loca
1504 449 1643 510 quam

140 531 362 578 maxume
387 531 569 577 occulta
592 531 805 587 discedit,
833 548 885 578 ac
919 531 1028 594 post
1061 532 1219 593 paullo
1254 531 1507 593 cognoscit,
1534 532 1642 578 Ma-

140 614 263 660 rium
287 629 344 660 ex
365 613 533 660 itinere
556 614 898 660 frumentatum
922 630 1030 661 cum
1053 614 1216 677 paucis
1246 614 1519 660 cohortibus
1547 614 1643 661 Sic-

136 714 243 745 cam
265 697 466 745 missum
491 718 504 753 ;
547 699 673 762 quod
697 700 925 762 oppidum
948 700 1157 763 primum
1181 701 1393 746 omnium
1416 706 1527 762 post
1545 717 1641 746 ma-

138 783 233 830 lam
257 800 466 847 pugnam
491 785 548 831 ab
575 785 703 848 Rege
728 785 973 832 defecerat.
1043 787 1111 832 Εό
1137 803 1244 833 cum
1269 786 1450 833 dilectis
1475 787 1642 849 equiti-

140 871 230 918 bus
253 877 397 918 noctu
420 872 589 935 pergit,
619 879 666 919 et
682 872 782 935 jam
807 873 1155 935 egredientibus
1181 874 1410 920 Romanis
1431 873 1482 920 in
1505 873 1642 937 portzi

138 973 349 1020 pugnam
394 957 538 1004 facit:
578 958 719 1004 simul
755 961 927 1021 magna
967 975 1076 1005 voce
1125 959 1364 1006 Siccenses
1404 959 1637 1013 hortatur,

142 1043 260 1088 “uti
299 1042 508 1089 cohortis
547 1043 604 1089 ab
646 1050 777 1105 tergo
824 1043 1230 1090 circumveniant:
1275 1044 1514 1090 fortunam
1549 1044 1642 1089 illis

137 1125 352 1189 praeclari
375 1126 595 1172 facinoris
619 1143 780 1174 casum
804 1126 942 1182 dare3
983 1126 1022 1173 si
1044 1127 1094 1173 id
1117 1127 1325 1182 fecerint,
1353 1127 1519 1189 postea
1544 1143 1643 1174 sese

137 1211 187 1258 in
211 1228 371 1274 regno,
397 1211 502 1258 illos
525 1212 576 1258 in
615 1212 833 1260 libertate
874 1213 973 1258 sine
1015 1219 1146 1259 metu
1181 1219 1371 1259 aetatem
1401 1214 1639 1259 acturos.'’

139 1296 212 1344 Ac
233 1299 284 1343 ni
308 1297 492 1344 Marius
517 1297 652 1361 signa
685 1297 896 1354 inferre‚2
921 1304 1060 1361 atque
1098 1298 1290 1345 evadere
1326 1298 1501 1361 oppido
1537 1315 1644 1361 pro-

137 1383 408 1446 peravisset,
439 1383 649 1446 profecto
672 1384 843 1439 cuncti,
883 1391 966 1430 aut
1001 1400 1172 1446 magna
1207 1400 1316 1446 pars
1353 1383 1642 1430 Siccensium

136 1467 278 1515 fidem
301 1469 630 1515 mutavissent.
658 1470 790 1515 tanta
813 1469 1075 1515 mobilitate
1105 1485 1205 1515 sese
1222 1469 1449 1516 Numidae
1473 1481 1639 1532 agunt.

136 1555 232 1602 Sed
271 1555 443 1602 milites
484 1555 765 1618 Jugurthini
804 1555 1061 1617 paullisper
1097 1554 1155 1600 ab
1193 1554 1321 1617 Rege
1369 1555 1637 1609 sustentati,

135 1645 388 1704 postquam
414 1642 589 1705 majore
614 1642 659 1688 vi
682 1641 845 1689 hostes
869 1646 1084 1701 urguent,
1114 1639 1276 1701 paucis
1301 1639 1503 1696 amissis,
1530 1656 1639 1702 pro-

134 1730 239 1793 fugi
264 1730 531 1778 discedunt.

202 1816 362 1863 LVII.
402 1816 586 1863 Marius
623 1816 683 1862 ad
719 1816 911 1862 Zamam
947 1816 1174 1878 pervenit,
1215 1815 1266 1861 id
1306 1814 1549 1877 oppidum,
1590 1816 1640 1861 in

130 1918 299 1966 eampo
324 1902 484 1957 situm,
511 1903 663 1964 magls
688 1918 842 1965 opere,
870 1905 1009 1965 quam
1034 1902 1202 1948 natura
1238 1901 1478 1947 munitum
1504 1910 1601 1947 erat
1622 1922 1632 1955 ;

134 1987 310 2035 nullius
351 1987 534 2034 idoneae
582 1987 649 2033 rei
696 2003 851 2048 egens,
903 1987 1046 2033 armis
1092 1986 1298 2048 virisque
1344 1985 1638 2047 opulentum.

136 2070 290 2132 Igitur
315 2070 554 2124 Metellus,
582 2086 669 2132 pro
704 2077 916 2131 tempore
957 2076 1098 2129 atque
1139 2069 1240 2114 loco
1274 2068 1453 2130 paratis
1478 2069 1632 2123 rebus,

133 2161 303 2202 cuncta
325 2154 500 2200 moenia
525 2153 730 2201 exercitu
755 2153 1059 2200 circumvenit
1082 2173 1094 2207 ;
1125 2152 1293 2214 legatis
1318 2152 1532 2214 imperat,
1558 2153 1637 2198 ubi

128 2238 324 2301 quisque
348 2245 558 2284 curaret:
598 2237 784 2292 deinde,
813 2237 948 2299 signo
975 2236 1098 2291 dato,
1139 2235 1349 2298 undique
1376 2235 1519 2281 simul
1543 2235 1634 2282 cla·

134 2339 237 2370 mor
258 2323 424 2385 ingens
449 2323 613 2369 oritur.
639 2338 791 2384 neque
815 2338 868 2368 ea
892 2338 965 2368 res
991 2321 1226 2368 Numidas
1250 2327 1394 2367 terret
1414 2341 1426 2375 ;
1463 2320 1635 2366 infensi

136 2411 403 2472 intentique
448 2410 547 2456 sine
594 2410 803 2456 tumultu
846 2416 1065 2456 manent:
1126 2408 1345 2471 praelium
1390 2407 1630 2471 incipitur.

184 2591 201 2614 ¹
222 2593 339 2641 Siqua
356 2591 534 2643 infer-ra]
559 2593 677 2641 Signa
695 2594 970 2630 inferrebantur
985 2594 1027 2629 in
1045 2592 1150 2629 illam
1170 2598 1327 2640 partem,
1348 2594 1388 2630 in
1407 2605 1521 2641 quam
1537 2595 1633 2631 acies

132 2657 387 2696 convertenda
406 2662 496 2693 erat.
556 2657 650 2695 Caes.
672 2657 764 2693 VII.
788 2657 888 2695 Gall.
909 2669 990 2704 cap.
1014 2659 1074 2703 67,
1099 2657 1140 2694 Si
1159 2655 1235 2704 qua
1253 2657 1295 2693 in
1311 2661 1419 2704 parte
1436 2659 1556 2694 nostri
1574 2659 1632 2694 la—

130 2722 275 2766 borare,
295 2724 362 2756 aut
380 2718 538 2767 gravius
557 2721 676 2767 premi
694 2721 931 2766 videbantur,
953 2717 997 2758 eo
1018 2721 1128 2769 signa
1146 2721 1273 2757 inferri
1287 2721 1424 2768 Caesar,
1442 2722 1633 2769 aciemque

134 2785 299 2823 converti
312 2782 600 2834 jubebat.—M.

1343 2865 1376 2895 U
1406 2853 1433 2895 2
