1889 3191
525 267 527 269 ·
540 245 819 284 SALLUSTII
846 246 1167 285 JUGURTHIN
1173 249 1264 286 ΠΜ.
1577 253 1598 288 2
1605 252 1652 288 05

154 364 364 411 hostium
396 363 743 426 propulsarent.
814 364 941 410 Nam
976 364 1025 411 in
1050 365 1288 427 Jugurtha
1313 372 1475 413 tantus
1500 366 1650 423 dolus,

151 456 374 512 tantaque
396 448 566 511 peritia
599 448 810 496 locorum
845 457 892 496 et
926 449 1109 497 militiae
1135 458 1249 506 erat,
1275 452 1359 506 uti,
1389 452 1558 498 absens
1594 469 1654 498 an

148 550 374 597 praesens,
399 550 565 596 pacem
590 551 650 581 an
673 534 849 582 bellum
873 535 1081 598 gerenS,⁷
1105 537 1412 599 perniciosior
1436 545 1574 592 esset,
1604 538 1652 584 in

146 619 328 666 incerto
352 620 622 667 haberetur.

213 704 422 752 XLVII.
459 705 576 752 Erat
598 705 728 753 haud
761 705 902 769 longe
926 706 984 754 ab
1022 723 1076 754 eo
1099 708 1280 764 itinere,
1308 725 1400 772 quo
1426 709 1650 757 Metellus

145 790 383 853 pergebat,
412 791 641 854 oppidum
666 792 999 849 Numidarum,
1027 795 1216 841 nomine
1236 795 1381 857 Vaga,
1402 795 1557 842 forum
1582 813 1651 844 re-

142 892 249 923 rum
275 877 524 924 venalium¹
550 878 696 924 totius
723 879 855 941 regni
890 881 1106 926 maxume
1141 880 1427 928 celebratum
1449 903 1460 938 ;
1498 882 1580 929 ubi
1605 891 1651 929 et

143 962 359 1020 incolere,
403 971 449 1011 et
486 965 682 1012 mercari
719 973 1056 1012 consueverant
1097 966 1252 1014 Italici
1289 968 1474 1030 generis
1511 969 1651 1015 multi

144 1049 378 1096 mortales.
449 1050 560 1097 Huc
584 1050 778 1106 Consul,
825 1051 966 1097 simul
1001 1052 1216 1098 tentandi
1249 1053 1412 1115 gratia,
1443 1055 1483 1100 si
1519 1061 1648 1117 pate-

141 1145 315 1191 rentur,
359 1136 713 1199 opportunitate
752 1136 880 1192 1οοί,2
917 1137 1194 1200 praesidium
1228 1138 1488 1201 imposuit3
1526 1156 1648 1203 prae-

194 1351 208 1371 ⁷
229 1352 372 1388 Pacem
393 1366 446 1388 an
467 1353 604 1390 bellum
623 1352 796 1405 yet-ens]
828 1355 891 1404 By
911 1356 1090 1404 Zeugma,
1112 1356 1170 1393 for
1190 1368 1331 1404 pacem
1356 1371 1494 1405 ρεπεν-ε
1522 1359 1554 1395 is
1583 1365 1648 1396 not

141 1418 348 1456 used—C.

195 1483 361 1521 XLVII.
393 1481 405 1505 ¹
428 1482 571 1520 Forum
592 1498 718 1521 rerum
746 1484 974 1537 venalium]
1007 1487 1148 1524 Forum
1175 1488 1325 1535 proprie
1354 1493 1411 1525 est
1438 1488 1552 1535 locus,
1583 1491 1646 1528 ubi

137 1549 251 1587 multi
269 1549 439 1586 homines
466 1550 691 1597 prodeuntes
719 1551 971 1587 conveniunt:
1003 1551 1090 1587 hinc
1119 1552 1239 1596 urbes,
1261 1552 1326 1588 ubi
1356 1552 1417 1588 vel
1441 1553 1548 1601 juris,
1580 1554 1642 1590 vel

138 1616 319 1652 mercium
340 1614 473 1653 caussa
491 1617 760 1664 frequentiores
780 1622 887 1654 erant
905 1623 1123 1661 conventus,
1145 1618 1226 1654 fora
1242 1619 1342 1654 dicta
1362 1618 1575 1656 sunt.—M.

189 1679 204 1701 ¹
230 1680 553 1729 Opportunitates
573 1679 682 1731 locet]
705 1681 948 1727 Munfflones,
973 1688 1105 1727 turres,
1124 1694 1258 1727 arcem,
1281 1686 1318 1719 et
1338 1695 1422 1730 quae
1441 1684 1516 1720 alia
1536 1684 1643 1731 oppi-

137 1747 229 1782 dum
248 1747 484 1791 tutabantur,
507 1745 809 1792 opportunitates
827 1745 898 1781 loci
919 1746 1156 1782 vocat.—M.

190 1810 281 1846 Huc
301 1809 434 1845 consul
451 1808 567 1844 simul
585 1809 763 1844 tentandi
786 1808 929 1856 yratid,
952 1814 998 1855 et,
1020 1810 1055 1845 si
1078 1814 1320 1857 paterentur,
1352 1812 1644 1858 opportunitate

135 1873 220 1920 loci,
241 1871 334 1922 &c.]
364 1873 456 1910 This
474 1873 506 1909 is
525 1874 589 1909 the
608 1873 766 1921 reading
786 1872 805 1908 Ι
824 1873 922 1909 have
941 1872 1058 1909 found
1076 1874 1116 1910 in
1137 1885 1184 1909 an
1204 1874 1342 1910 edition
1363 1875 1405 1910 of
1416 1887 1482 1923 my
1495 1877 1641 1922 author,

134 1939 282 1985 printed
301 1939 341 1974 in
360 1938 479 1974 Rome
499 1938 539 1973 in
561 1939 676 1984 1512,
697 1942 781 1974 sent
800 1942 838 1974 to
857 1949 917 1973 me
935 1938 989 1985 by
1008 1949 1030 1974 a
1049 1938 1201 1974 learned
1230 1938 1360 1985 friend,
1384 1940 1459 1976 and
1477 1940 1603 1977 which
1626 1940 1644 1976 Ι

133 2005 222 2042 take
242 2010 281 2042 to
300 2006 347 2041 be
365 2005 430 2041 the
450 2009 532 2040 true
551 2004 719 2052 reading.
776 2004 850 2040 Mr.
870 2003 997 2048 Allen,
1020 2004 1060 2040 in
1080 2005 1139 2040 his
1166 2016 1251 2040 new
1271 2005 1426 2041 London
1447 2006 1586 2042 edition
1606 2008 1648 2042 of

136 2071 249 2118 1832,
272 2077 431 2108 corrects
450 2071 514 2107 the
533 2075 706 2107 sentence
725 2071 835 2107 thus:
867 2070 956 2106 Huc
975 2069 1116 2116 consul,
1138 2070 1252 2107 simul
1271 2071 1301 2106 si
1320 2076 1538 2118 paterentur
1557 2077 1641 2108 ten-

131 2137 247 2183 tandi,
269 2140 306 2172 et
325 2136 605 2183 opportunitate
633 2135 705 2172 loci
733 2135 867 2183 gratia,
893 2134 956 2171 διο.
1015 2134 1187 2170 Kritzius
1206 2135 1313 2170 rea-ds
1333 2146 1374 2170 as
1398 2134 1438 2169 in
1457 2135 1521 2170 the
1541 2140 1638 2180 text,

132 2203 208 2240 and
226 2203 402 2249 explains
422 2203 511 2239 thus
527 2215 535 2239 :
575 2202 752 2248 Tentare,
775 2201 824 2238 ad
843 2201 944 2248 quod
963 2201 1123 2237 verbum
1142 2199 1317 2247 suppleas
1338 2213 1399 2237 eos
1419 2212 1470 2237 ex
1490 2206 1640 2237 antece-

131 2267 316 2312 dentibus,
338 2271 394 2304 est
413 2267 463 2303 ad
481 2264 765 2302 desciscendum
786 2271 824 2303 et
843 2266 891 2302 ad
910 2266 1159 2313 proditionem
1179 2264 1331 2305 illicere,
1355 2270 1419 2310 ut;
1441 2278 1471 2302 e.
1493 2267 1556 2312 48,
1575 2267 1637 2311 23,
1663 2271 1667 2275 ”

131 2334 195 2379 46,
219 2334 294 2378 66;
326 2332 410 2369 Liv.
432 2332 494 2378 24,
518 2334 540 2369 7
554 2346 563 2377 ς
597 2332 647 2369 ib.
668 2344 698 2368 c.
724 2333 771 2368 13
793 2336 829 2368 et
854 2333 912 2377 14,
937 2331 1032 2376 Quae
1063 2331 1186 2378 prima
1219 2342 1333 2367 causa
1365 2336 1445 2368 erat
1473 2332 1638 2378 praesidii

131 2397 347 2443 imponendi
364 2410 372 2441 3
404 2396 522 2433 altera
541 2402 622 2433 erat
642 2397 918 2444 opportunitas
938 2395 1022 2442 loci,
1045 2407 1159 2444 quem
1187 2396 1218 2431 si
1238 2400 1391 2441 teneret,
1413 2395 1577 2432 multum
1598 2409 1639 2434 se

129 2463 178 2498 ad
198 2473 256 2496 res
273 2461 428 2497 feliciter
446 2461 628 2508 gerendas
647 2462 822 2509 adjutum
841 2461 887 2496 iri
902 2461 1055 2497 videbat
1071 2460 1246 2497 Metellus
1264 2475 1271 2505 3
1306 2472 1488 2508 magnam
1507 2467 1636 2498 autem

129 2527 333 2564 utilitatem
353 2539 404 2564 ex
422 2526 493 2563 loci
521 2527 801 2573 opportunitate
821 2531 912 2563 tunc
931 2527 1085 2562 demum
1112 2526 1312 2563 habiturus
1331 2531 1423 2572 erat,
1445 2528 1477 2564 si
1504 2527 1635 2565 incolae

129 2592 200 2629 sibi
218 2592 400 2636 faverent,
422 2603 538 2639 quare
557 2597 689 2627 auctor
716 2591 821 2627 addit
840 2591 871 2626 si
891 2594 1118 2638 paterentur,
1141 2603 1189 2627 sc.
1211 2604 1250 2626 se
1270 2591 1424 2637 tentari,
1445 2592 1471 2629 i.
1492 2605 1522 2628 e.
1553 2604 1636 2630 cor-

127 2656 254 2703 rumpi
272 2661 310 2692 et
329 2657 377 2692 ab
396 2655 592 2703 Jugurtha
610 2654 777 2691 alienari.
835 2654 1037 2701 Duplicem
1064 2666 1228 2700 causam,
1250 2666 1327 2702 qua
1346 2655 1525 2692 Metellus
1552 2669 1635 2694 mo-

127 2724 298 2768 vebatur,
322 2721 524 2760 Sallustius
543 2721 774 2770 significavit
792 2721 989 2768 particulis
1002 2720 1126 2767 simul,
1144 2726 1189 2766 et,
1207 2733 1291 2769 quae
1307 2722 1377 2758 sibi
1395 2723 1631 2770 respondent,

127 2791 170 2824 ut
188 2800 220 2824 c.
243 2789 304 2834 64,
328 2787 536 2826 Criminose
554 2785 668 2823 simul
694 2791 731 2822 et
748 2785 960 2835 magnifice,
986 2786 1061 2832 δια,
1086 2787 1147 2832 70,
1169 2787 1232 2833 24,
1255 2786 1316 2833 96,
1340 2787 1402 2832 97,
1429 2789 1525 2833 1063
1558 2788 1634 2826 Ca-

1402 2877 1433 2907 T
