1889 3191
228 243 304 278 306
604 241 882 281 SALLUSTII
910 240 935 279 J
939 241 1229 281 UGURTHIN
1232 238 1324 279 [ΓΜ.

223 365 365 404 tatur.
438 359 523 406 Ille
546 359 701 406 animo
725 360 866 407 feroci
888 367 1028 423 negat
1065 366 1097 385 “
1113 375 1162 406 se
1184 359 1323 406 toties
1357 359 1517 405 fusum
1540 357 1710 404 Numi-

224 443 330 488 dam
355 444 709 505 pertimescere:
749 445 910 491 virtuti
944 460 1135 491 suorum
1170 443 1283 490 satis
1317 444 1531 491 credere:
1569 443 1710 490 etiam

223 529 262 574 si
286 537 411 575 certa
433 529 578 591 pestis
603 530 801 584 adesset,
829 543 1101 575 mansurum
1130 529 1303 591 potius,
1331 533 1469 592 quam
1491 528 1707 592 proditis,

222 629 338 676 quos
363 613 574 669 ducebat,
603 615 730 676 turpi
753 614 866 676 fuga
897 614 1089 660 incertae
1113 629 1165 660 ac
1199 613 1396 660 forsitan
1419 615 1525 677 post
1554 614 1713 677 paullo

221 700 386 745 morbo
408 700 670 746 interiturae
704 699 813 746 vitae
849 698 1109 761 parceret.'’
1181 698 1418 746 Caeterum
1453 700 1511 745 ab
1546 699 1709 746 eodem

222 784 444 839 monitus,
477 784 589 830 “uti
614 792 756 830 noctu
790 784 1243 846 proficiscerentur,''
1271 783 1516 830 consilium
1545 783 1710 845 adpro-

222 868 330 913 bat:
369 885 420 914 ac
465 868 622 914 statim
668 868 842 914 milites
882 876 1088 914 coenatos
1130 883 1264 921 esse3
1306 867 1356 912 in
1389 867 1554 913 castris
1587 866 1713 929 ignis

221 954 360 1015 quam
385 954 703 1000 creberrumos
726 953 841 1008 fieri,
861 953 967 999 dein
985 952 1136 1015 prima
1153 951 1326 1014 vigili&
1350 952 1535 998 silentio
1553 951 1710 1014 egredi

213 1038 364 1099 jubet.
436 1039 635 1101 Jamque
679 1046 907 1085 nocturno
944 1038 1110 1084 itinere
1144 1037 1283 1083 fessis
1319 1037 1549 1092 omnibus,
1582 1037 1710 1084 Sulla

218 1124 394 1184 pariter
438 1140 544 1170 cum
584 1132 689 1170 ortu
716 1124 825 1170 solis
871 1131 1024 1170 castra
1067 1124 1344 1178 metabatur,
1385 1121 1491 1169 cum
1528 1123 1709 1185 equites

220 1209 378 1254 Mauri
402 1210 639 1264 nunciant,
672 1216 703 1235 “
719 1210 750 1257 J
753 1210 1006 1271 ugurtham
1031 1209 1212 1256 circiter
1247 1209 1392 1255 duum
1417 1209 1616 1255 millium
1640 1211 1709 1256 in-

895 1295 924 1313 29

217 1295 409 1340 tervallo
456 1296 561 1341 ante
608 1294 889 1341 consedisse.
997 1294 1135 1349 Quod
1181 1302 1432 1356 postquam
1479 1293 1706 1348 auditum,

215 1388 318 1425 tum
342 1380 450 1425 vero
472 1380 638 1441 ingens
663 1387 817 1426 metus
842 1386 1028 1425 nostros
1052 1379 1258 1425 invadit:
1287 1380 1471 1426 credere
1496 1380 1708 1442 proditos

216 1482 242 1509 a
268 1464 454 1519 Voluce,
483 1472 529 1510 et
552 1464 736 1510 insidiis
761 1464 1117 1510 circumventos.
1195 1465 1265 1510 Ac
1299 1464 1442 1520 fuere,
1469 1465 1548 1527 qui
1584 1465 1706 1512 dice-

216 1558 334 1604 rent,
362 1566 503 1595 manu
526 1547 898 1603 vindicandum‚²
922 1565 1070 1611 neque
1095 1549 1221 1611 apud
1242 1549 1376 1595 illum
1401 1557 1585 1596 tantum
1612 1566 1708 1596 sce-

217 1636 290 1681 lus
314 1635 517 1680 inultum
543 1634 918 1698 relinquendum.

282 1723 437 1770 CVII.
476 1724 542 1768 At
568 1722 709 1776 Sulla,
738 1723 1016 1784 quamquam
1040 1721 1201 1768 eadem
1225 1722 1520 1777 aestumabat‚
1548 1729 1705 1768 tamen

217 1809 274 1854 ab
300 1809 469 1871 injuria
485 1808 708 1854 Maurum
732 1808 951 1870 prohibet
974 1827 982 1853 ε
1012 1824 1120 1853 suos
1144 1807 1375 1863 hortatur,
1408 1809 1520 1854 “uti
1537 1808 1705 1854 fortem

216 1894 425 1939 animum
449 1901 690 1954 gererent:
730 1894 858 1954 saepe
884 1895 1019 1938 antea
1041 1891 1202 1955 paucis
1228 1892 1431 1938 strenuis
1455 1891 1703 1938 advorsum

217 1978 566 2024 multitudinem
589 1978 705 2024 bene
730 1987 991 2039 pugnatum
1012 1997 1020 2023 :
1049 1980 1221 2041 quanto
1247 1978 1335 2024 sibi
1358 1979 1407 2024 in
1431 1978 1592 2040 praelio
1617 1979 1704 2024 mi-

217 2070 303 2109 nus
329 2064 658 2125 pepercissent,
687 2065 817 2109 tanto
842 2063 1038 2109 tutiores
1055 2063 1152 2110 fore
1177 2083 1185 2108 :
1218 2079 1303 2110 nec
1322 2080 1601 2126 quemquam
1626 2063 1703 2110 de-

218 2167 331 2204 cere,
361 2150 438 2214 qui
463 2166 629 2196 manus
654 2149 914 2205 armaverit,
943 2149 999 2195 ab
1034 2149 1226 2195 inermis
1250 2148 1448 2212 pedibus
1474 2149 1698 2196 auxilium

271 2386 372 2423 CVI.
404 2384 412 2405 ¹
436 2384 571 2420 Prima
591 2383 743 2434 viyilid]
766 2386 789 2420 i.
813 2397 842 2421 e.
863 2390 903 2422 at
923 2387 986 2422 the
1005 2386 1075 2421 end
1108 2385 1150 2421 of
1163 2385 1227 2421 the
1259 2385 1340 2421 first
1367 2386 1502 2429 watch‚
1532 2396 1574 2421 or
1601 2385 1705 2421 three

214 2450 328 2485 hours
365 2450 460 2484 after
497 2454 667 2483 sun-set:
697 2448 754 2484 for
785 2449 848 2484 the
882 2449 1049 2485 Romans
1086 2449 1236 2485 divided
1268 2450 1332 2485 the
1369 2449 1481 2496 night
1515 2449 1594 2485 into
1621 2449 1705 2485 four

216 2514 388 2550 watche-s.
412 2513 501 2548 eac-11
521 2512 727 2559 consisting
760 2512 801 2547 of
815 2513 917 2548 three
951 2513 1074 2548 hours.
1133 2511 1200 2549 See
1223 2524 1302 2559 cap.
1336 2514 1395 2557 14,
1416 2517 1503 2548 note
1532 2513 1567 2548 2.
1625 2512 1703 2548 But

215 2578 277 2612 the
297 2578 445 2612 anci‹·11t
462 2576 602 2613 Greeks
623 2577 771 2611 divided
791 2577 855 2612 the
874 2577 985 2623 night
999 2578 1079 2613 into
1098 2577 1202 2612 three
1221 2577 1395 2622 watches‚
1416 2576 1507 2612 each
1525 2576 1568 2612 of
1580 2576 1704 2612 which

217 2640 399 2675 consisted
420 2640 460 2675 of
473 2639 557 2674 four
576 2639 812 2675 hours.—M.

270 2701 283 2721 ²
305 2702 429 2737 Manu
450 2700 756 2751 vindicandum]
788 2702 907 2738 Manu
925 2703 1129 2748 vindicant,
1151 2704 1215 2750 qui
1235 2703 1273 2739 vi
1292 2707 1328 2739 et
1346 2700 1458 2749 poena
1476 2703 1607 2739 mortis
1618 2703 1700 2749 ipsi,

214 2780 293 2805 non
313 2772 511 2813 expectato
527 2766 678 2812 judicio,
699 2767 1014 2803 vindicant-M.
