1889 3191
225 217 302 253 264
608 216 888 258 SALLUSTII
914 219 942 257 J
943 219 1328 259 UGURTHINUM.

225 349 380 380 eorem
401 335 574 396 partim
596 334 730 391 νὶᾱί,Ἰ
755 336 846 383 alia
880 344 1066 399 egomet
1098 337 1253 400 gessi:
1289 353 1398 399 quae
1433 336 1502 383 illi
1524 336 1709 392 litteris,

226 434 279 466 ea
303 433 390 481 ego
412 419 657 468 militando
681 420 838 468 didici.
909 422 1052 469 Nunc
1073 439 1156 469 vos
1179 422 1473 478 existumate,
1500 422 1624 470 facta
1657 438 1716 469 an

227 503 352 550 dicta
379 504 527 567 pluris
564 505 676 552 sint.
747 506 1074 552 Contemnunt
1107 507 1363 554 novitatem
1397 523 1551 554 meam
1576 527 1588 562 3
1631 522 1718 571 ego

226 588 413 636 illorum
436 590 669 652 ignaviam
689 609 699 636 :
726 591 844 636 mihi
866 591 1067 645 fortuna,
1089 591 1183 637 illis
1205 592 1377 654 probra
1399 593 1716 655 objectantur3

228 689 510 736 quamquam
533 689 619 736 ego
654 680 870 722 naturam
911 691 1055 721 unam
1092 682 1139 722 et
1178 692 1475 723 communem
1509 678 1719 724 omnium

230 758 476 814 existumO,
526 759 609 805 sed
652 759 977 806 fortissumum
1016 777 1246 824 quemque
1280 762 1722 823 generosissumum.

230 844 315 897 Ac,
344 843 383 889 si
400 843 501 906 jam
525 859 582 890 ex
614 844 827 906 patribus
851 845 1029 901 Albini,
1069 853 1150 893 aut
1173 846 1349 893 Bestiae
1374 847 1522 909 quaeri
1544 854 1718 910 posset,

232 944 384 982 mene,
408 944 469 975 an
491 928 596 976 illos
632 946 688 976 ex
713 946 762 976 se
795 930 926 993 gigni
948 931 1231 987 maluerint;
1270 931 1385 994 quid
1417 947 1723 994 responsuros

231 1014 435 1070 creditiS,
460 1014 567 1070 nisi,
595 1031 696 1062 sese
718 1015 888 1063 liberos
903 1016 1047 1079 quam
1063 1023 1281 1079 optumos
1300 1015 1535 1063 voluisse?
1587 1016 1727 1072 Quod

233 1099 274 1146 si
290 1099 396 1162 jure
420 1116 494 1147 me
518 1099 795 1162 despiciunt,
823 1101 1001 1148 faciunt
1035 1101 1161 1148 idem
1197 1102 1450 1164 majoribus
1486 1101 1600 1157 suis,
1627 1101 1727 1164 qui-

233 1184 336 1240 bus,
364 1184 433 1230 uti
457 1185 588 1241 mihi,
616 1201 671 1232 ex
705 1185 878 1233 virtute
911 1185 1134 1233 nobilitas
1168 1187 1327 1250 caepit.
1396 1187 1619 1234 Invident
1642 1186 1727 1233 ho-

235 1271 339 1318 nori
373 1287 508 1327 meo;
545 1288 654 1335 ergo
694 1273 934 1320 invideant
971 1273 1134 1329 labori,
1174 1274 1478 1333 innocentiae„
1508 1273 1727 1337 periculis

236 1356 376 1403 etiam
400 1357 533 1412 meis,
571 1358 790 1420 quoniam
828 1375 912 1421 per
947 1359 1052 1406 haec
1074 1359 1208 1406 illum
1243 1360 1360 1422 cepi.
1430 1359 1607 1406 Verum
1644 1359 1728 1406 ho·

238 1440 387 1487 mines
411 1442 618 1503 corrupti
642 1442 858 1505 superbia
879 1442 946 1489 ita
979 1450 1167 1489 aetatem
1203 1449 1361 1505 agunt,
1387 1443 1519 1506 quasi
1551 1451 1730 1491 vestros

239 1527 439 1573 honores
463 1533 764 1574 contemnant
787 1547 797 1582 ;
825 1527 892 1574 ita
915 1527 1002 1574 hos
1025 1534 1207 1590 petunt,
1236 1527 1369 1590 quasi
1392 1527 1586 1575 honeste
1607 1528 1731 1576 vixe-

239 1612 351 1658 rint.
421 1612 495 1659 Ne
517 1612 588 1659 illi
610 1612 715 1659 falsi
739 1620 863 1668 sunt,
889 1613 969 1676 qui
984 1613 1344 1661 divorsissumas
1367 1629 1441 1660 res
1464 1613 1639 1676 pariter
1655 1630 1731 1661 ex-

240 1703 466 1760 spectant,
494 1698 693 1760 ignaviae
717 1699 1022 1761 voluptatem,
1044 1706 1090 1745 et
1113 1699 1308 1762 praemia
1330 1699 1534 1746 virtutis.
1575 1699 1733 1761 Atque

240 1781 381 1828 etiam
405 1785 512 1828 cum
546 1784 674 1845 apud
706 1799 805 1838 vos,
831 1790 913 1829 aut
947 1784 997 1829 in
1032 1790 1199 1830 senatu
1231 1784 1372 1830 verba
1405 1783 1598 1840 faciunt,
1636 1784 1733 1846 ple-

241 1869 383 1931 raque
407 1869 615 1915 oratione
640 1870 839 1932 majores
864 1886 972 1916 suos
988 1870 1219 1917 extollunt
1239 1887 1251 1923 3
1276 1886 1437 1917 eorum
1456 1870 1596 1918 fortia
1611 1870 1734 1919 facta

241 1954 543 2001 memorando
567 1955 782 2001 clariores
807 1971 907 2002 sese
930 1962 1128 2018 putant:
1159 1956 1284 2017 quod
1299 1959 1460 2003 contra
1482 1962 1568 2003 est.
1609 1957 1734 2003 Nam

243 2043 469 2102 quantum
493 2041 590 2087 vita
621 2041 808 2088 illorum
842 2042 1096 2104 praelarior‚
1136 2042 1287 2088 tanto⁸
1320 2041 1490 2089 horum
1527 2041 1735 2089 socordia

297 2242 310 2264 ’
333 2243 479 2279 Eorum
493 2245 642 2292 partim
662 2245 751 2289 vidi,
777 2242 862 2293 &c.]
894 2244 984 2280 This
1003 2245 1034 2280 is
1053 2245 1116 2281 the
1135 2248 1275 2281 correct
1293 2244 1459 2292 reading,
1489 2250 1556 2281 not
1568 2251 1733 2292 partem.

245 2309 313 2346 See
333 2309 498 2346 Gronov.
521 2309 731 2354 observat„
752 2308 816 2345 lib.
840 2310 873 2354 3,
895 2320 927 2345 c.
951 2310 985 2354 2,
1003 2319 1039 2355 p.
1056 2309 1146 2344 444.
1205 2309 1326 2356 Lugd.
1343 2308 1523 2344 Batavor.
1540 2307 1600 2344 an.
1621 2310 1734 2345 1662.

246 2374 344 2412 -Ο,

296 2437 312 2460 ⁸
334 2439 439 2476 Nam
459 2443 643 2486 quantum
664 2438 744 2474 vita
763 2438 915 2474 illorum
930 2437 1169 2484 praeclarior,
1192 2443 1311 2483 tanto,
1333 2435 1422 2486 &c.]
1453 2436 1647 2478 Quantum
1664 2439 1738 2474 and

245 2511 353 2540 tanto
373 2505 574 2552 aliquando
593 2508 869 2550 componuntur
886 2503 973 2539 licet
1000 2508 1202 2550 utrumque
1220 2504 1357 2539 habeat
1385 2504 1445 2550 adj
1453 2507 1606 2538 unctum
1635 2515 1737 2540 corn-

244 2571 472 2616 parativum,
495 2575 537 2606 ut
555 2570 627 2615 hic,
649 2575 686 2606 et
706 2570 789 2606 Liv.
819 2569 883 2606 lib.
906 2569 967 2614 44,
990 2581 1020 2604 e.
1044 2571 1077 2614 7,
1101 2569 1296 2613 Quantum
1316 2569 1529 2615 procederet
1547 2568 1696 2616 longius
1716 2570 1736 2606 ῐι

245 2635 448 2681 Thessalia,
466 2647 507 2671 eo
526 2637 714 2683 majorum
732 2646 856 2671 rerum
875 2634 1044 2670 omnium
1061 2634 1228 2681 inopiam
1257 2634 1430 2670 sentiens.
1487 2633 1575 2669 vid.
1597 2633 1678 2670 Liv.
1701 2635 1734 2675 5.

251 2703 310 2746 10,
341 2701 473 2748 Ibique
501 2701 703 2747 interpret3
725 2706 763 2737 et
783 2702 817 2746 3,
843 2702 904 2737 15.
963 2700 1043 2736 The
1069 2700 1220 2736 learned
1249 2700 1420 2736 Kritzius
1447 2700 1554 2736 reads
1581 2704 1734 2746 quanto.

248 2767 410 2802 without.
429 2767 588 2813 quoting
607 2765 690 2802 Liv.
713 2776 755 2801 or
773 2766 833 2801 his
851 2765 1096 2811 interpreter3
1126 2765 1201 2801 and
1220 2776 1337 2801 seems
1365 2769 1404 2800 to
1424 2763 1533 2800 think
1553 2766 1737 2810 quantum
