1889 3191
511 242 791 281 SALLUSTII
817 242 843 279 J
848 242 1234 281 L‘GURTHINUM„
1546 245 1567 280 2
1575 246 1594 280 6
1601 245 1621 280 5

123 358 415 422 flagitiosior.
484 358 548 406 Et
570 358 780 422 profecto
801 359 869 406 ita
893 376 942 407 se
965 376 1040 408 res
1062 359 1207 408 habet
1228 379 1239 407 :
1265 361 1498 424 majorum
1522 362 1621 424 glo·

122 447 193 494 ria
214 446 415 510 posteris
449 446 584 509 quasi
615 446 777 493 lumen
799 453 885 502 est,
911 462 1063 510 neque
1085 447 1210 494 bona
1243 462 1393 510 neque
1417 447 1539 494 mala
1573 448 1623 494 in

124 533 306 581 occulto
339 532 534 595 patitur.
606 532 820 597 Hujusce
854 533 921 580 rei
955 549 1041 596 ego
1063 533 1274 597 inopiam
1307 533 1477 596 patior,
1506 533 1620 588 Qui-

122 618 265 674 rites;
290 621 468 674 verum,
495 617 545 664 id
559 618 687 682 quod
708 619 859 666 multo
872 619 1144 683 praeclarius
1164 627 1251 676 est,
1271 627 1477 668 meamet
1497 620 1623 668 facta

122 702 275 751 dicere
298 703 422 751 licet.
489 704 632 752 Nunc
664 704 835 762 videte,
861 708 1002 769 quam
1035 706 1186 769 iniqui
1209 706 1320 753 sint.
1392 706 1534 763 Quod
1568 723 1626 754 ex

122 788 274 837 aliena
295 790 469 837 virtute
505 790 595 837 sibi
629 790 871 854 adrogant,
898 791 949 838 id
979 791 1101 838 mihi
1124 808 1181 839 ex
1203 793 1308 840 mea
1331 808 1427 839 non
1461 809 1624 840 conce-

123 876 276 933 dunt3
313 876 503 932 scilicet,
529 877 639 941 quia
672 877 902 940 imagines
937 893 1036 925 non
1072 878 1239 935 habe0,
1279 885 1326 926 et
1363 879 1473 942 quia
1505 879 1625 926 mihi

123 977 244 1009 nova
288 962 508 1010 nobilitas
554 969 655 1019 est;
694 980 834 1027 quam
881 970 1006 1011 certe
1044 964 1284 1027 peperisse
1329 965 1499 1012 melius
1535 976 1620 1019 est,

122 1051 264 1112 quam
300 1056 540 1112 acceptam
575 1050 853 1113 corrupisse.
920 1050 1155 1114 Equidem
1189 1067 1275 1114 ego
1309 1067 1407 1098 non
1440 1051 1620 1114 ignoro,

125 1134 166 1181 si
181 1134 282 1198 jam
305 1134 426 1181 mihi
459 1134 741 1197 respondere
775 1135 934 1190 velint,
962 1135 1151 1183 abunde
1184 1135 1279 1182 illis
1302 1135 1554 1183 facundam
1579 1144 1626 1183 et

123 1220 435 1283 compositam
458 1221 717 1267 orationem
740 1221 855 1268 fore.
927 1221 1021 1268 Sed
1041 1221 1092 1268 in
1126 1237 1347 1269 maxumo
1370 1229 1527 1270 vestro
1550 1223 1628 1270 be-

124 1306 306 1362 neficio,
333 1305 442 1354 clim
466 1307 686 1354 omnibus
700 1307 815 1354 locis
839 1323 914 1354 me
927 1323 1103 1371 vosque
1125 1307 1388 1356 maledictis
1403 1309 1623 1364 lacerent,

124 1408 221 1440 non
243 1392 420 1456 placuit
442 1393 635 1440 reticere
654 1411 664 1439 ε
701 1393 763 1440 ne
788 1393 892 1457 quis
915 1393 1197 1441 modestiam
1219 1393 1270 1441 in
1293 1394 1629 1442 conscientiam

125 1477 334 1526 duceret.
382 1479 509 1526 Nam
527 1494 602 1526 me
627 1478 832 1542 quidem,
855 1495 910 1526 ex
929 1479 1074 1526 animi
1092 1479 1186 1527 mei
1202 1479 1475 1537 sententia,9
1500 1481 1629 1528 nulla

124 1564 275 1611 oratio
297 1563 468 1612 laedere
490 1570 647 1628 potest
672 1584 684 1619 3
726 1564 900 1628 quippe
922 1581 1031 1613 vera
1060 1581 1250 1613 necesse
1274 1572 1346 1612 est
1369 1566 1486 1614 bene
1508 1583 1628 1630 prae-

127 1649 251 1696 dicet
267 1670 280 1705 3
299 1649 468 1697 falsam
490 1649 589 1697 vita
610 1665 857 1714 moresque
881 1650 974 1698 mei
999 1658 1239 1714 superant.
1294 1651 1387 1699 Sed
1406 1652 1627 1716 quoniam

124 1810 200 1846 bad
219 1809 343 1846 Latin.
400 1809 480 1847 But
497 1810 602 1847 these
619 1809 745 1857 places
763 1810 806 1847 of
820 1810 902 1847 Liv.
925 1822 988 1848 are
1007 1810 1156 1859 against
1175 1812 1266 1857 him,
1289 1812 1366 1848 and
1384 1811 1463 1848 also
1482 1813 1548 1848 the
1569 1813 1607 1846 in
1619 1833 1628 1837 -

124 1880 331 1922 terpreters
349 1876 436 1913 who
454 1876 554 1913 have
571 1876 733 1914 referred
751 1881 790 1913 to
811 1876 955 1914 Sallust
973 1877 1178 1915 here—C.

178 1937 194 1958 ⁹
214 1939 282 1976 Ez-
303 1939 425 1976 animi
442 1938 665 1989 sententia]
687 1940 757 1977 Est
775 1939 937 1977 formula
955 1940 1211 1986 adseverandi,
1230 1945 1266 1977 et
1285 1940 1495 1977 vanitatem
1515 1940 1630 1978 decli-

126 2005 263 2042 nandi:
294 2005 481 2052 quomodo
500 2004 600 2051 alibi,
620 2016 688 2052 pro
707 2003 822 2041 deum
841 2009 955 2053 atque
972 2004 1172 2042 hominum
1198 2006 1321 2051 fidem,
1342 2005 1487 2041 medius
1505 2005 1628 2050 fidius,

125 2067 351 2115 mehercule,
373 2067 466 2105 alias
483 2068 832 2116 interposuit—M.

183 2132 292 2170 Nam
311 2145 369 2169 me
388 2132 550 2181 quidem,
573 2145 621 2169 ex
640 2134 762 2169 animi
780 2133 853 2168 mei
871 2133 1073 2180 sententia,
1099 2130 1185 2182 δία]
1217 2132 1264 2168 In
1282 2132 1359 2169 this
1385 2132 1548 2169 formula
1567 2133 1631 2169 the

125 2197 301 2246 personal
318 2209 489 2246 pronoun
508 2197 581 2233 mei
608 2203 747 2236 cannot
764 2199 812 2236 be
839 2199 1006 2244 omitted,
1027 2199 1177 2246 though
1198 2198 1348 2236 Cortius
1375 2199 1445 2235 has
1473 2199 1569 2236 done
1587 2199 1629 2235 it.

127 2263 197 2302 See
218 2263 384 2302 Gronov.
407 2263 619 2310 observat,
639 2263 703 2301 lib.
725 2265 762 2310 4,
784 2276 815 2301 c.
839 2266 900 2310 14,
924 2276 958 2312 p.
982 2265 1071 2310 223,
1093 2264 1218 2300 where
1245 2264 1293 2300 he
1321 2264 1412 2301 cites
1431 2265 1631 2302 Petronius

127 2328 291 2367 Arbiter.
347 2329 414 2366 Ex
433 2328 490 2364 tui
509 2328 631 2364 animi
650 2329 846 2375 sententia,
868 2334 912 2366 ut
927 2335 971 2366 tu
983 2329 1212 2377 Tryphoena,
1229 2340 1350 2376 neque
1362 2330 1543 2378 injuriam
1560 2330 1632 2367 tibi

127 2398 255 2431 aetam
273 2394 297 2430 a
310 2393 447 2432 Gitone
466 2395 641 2442 quereris,
662 2405 784 2442 neque
804 2395 835 2431 si
855 2395 946 2443 quid
961 2399 1048 2431 ante
1067 2395 1170 2431 hunc
1189 2394 1289 2430 diem
1307 2395 1454 2432 factum
1473 2400 1540 2441 est,
1562 2397 1630 2433 ob-

124 2458 241 2507 jicies,
272 2458 543 2505 vindicabisve,
578 2463 646 2496 aut
677 2458 756 2495 ullo
780 2459 854 2496 alio
885 2470 1022 2507 genere
1052 2459 1354 2507 persequendum
1381 2460 1539 2506 curabis,
1565 2460 1629 2497 &a

127 2526 228 2563 Item
248 2525 375 2571 Licha,
397 2537 449 2562 ex
476 2525 534 2561 tui
561 2525 678 2561 animi
706 2525 903 2571 sententia,
924 2531 967 2562 ut
996 2530 1041 2562 tu
1059 2525 1279 2572 Encolpion,
1305 2526 1367 2563 διο.
1426 2526 1517 2564 Aul.
1539 2526 1631 2566 Gel-

127 2591 212 2637 lius,
233 2589 298 2627 lib.
320 2591 356 2636 4,
378 2602 408 2627 c.
431 2591 493 2636 20,
516 2589 645 2627 Verba
673 2589 727 2626 ita
755 2594 863 2626 erant
891 2596 1095 2637 concepta:
1125 2595 1170 2627 ut
1188 2594 1232 2626 tu
1251 2602 1303 2626 ex
1322 2590 1440 2627 animi
1458 2591 1516 2626 tui
1543 2602 1630 2629 sen-

126 2655 248 2693 tentia
264 2665 426 2692 uxorem
452 2655 579 2691 habes.
636 2654 724 2691 Vid.
746 2659 784 2691 et
802 2654 969 2693 Brisson.
1001 2657 1046 2693 de
1066 2656 1264 2702 Formulis,
1286 2656 1321 2702 8,
1345 2657 1380 2693 9.
1437 2656 1500 2693 No
1526 2659 1632 2695 word

126 2723 167 2759 in
183 2721 366 2759 formulas
385 2731 457 2758 can
475 2721 521 2758 be
539 2720 719 2766 omitted;
748 2721 943 2768 therefore,
965 2722 1049 2769 mei,
1070 2722 1137 2769 tui,
1158 2723 1229 2768 sui,
1254 2722 1330 2767 &c.‚
1351 2727 1456 2760 must
1474 2724 1521 2761 be
1539 2727 1632 2762 used

125 2787 167 2823 in
184 2788 290 2826 these
308 2787 453 2825 solemn
474 2786 860 2826 asseverafions-C.

1342 2854 1429 2898 22⁴.
