<?xml version="1.0" encoding="UTF-8"?>
<!DOCTYPE html PUBLIC "-//W3C//DTD XHTML 1.0 Transitional//EN"
    "http://www.w3.org/TR/xhtml1/DTD/xhtml1-transitional.dtd">
<html xmlns="http://www.w3.org/1999/xhtml" xml:lang="en" lang="en">
 <head>
  <title>
</title>
<meta http-equiv="Content-Type" content="text/html;charset=utf-8" />
  <meta name='ocr-system' content='tesseract 3.04.00' />
  <meta name='ocr-capabilities' content='ocr_page ocr_carea ocr_par ocr_line ocrx_word'/>
</head>
<body>
  <div class='ocr_page' id='page_1' title='image "./sallusts00salluoft_0276.png"; bbox 0 0 1889 3191; ppageno 0'>
   <div class='ocr_carea' id='block_1_1' title="bbox 240 216 1342 260">
    <p class='ocr_par' dir='ltr' id='par_1_1' title="bbox 240 216 1342 260">
     <span class='ocr_line' id='line_1_1' title="bbox 240 216 1342 260; baseline 0.006 -7"><span class='ocrx_word' id='word_1_1' title='bbox 240 218 261 253; x_wconf 79' lang='lat'>2</span> <span class='ocrx_word' id='word_1_2' title='bbox 268 219 315 254; x_wconf 81' lang='lat'><strong>6⁴2</strong></span> <span class='ocrx_word' id='word_1_3' title='bbox 625 217 902 257; x_wconf 79' lang='lat' dir='ltr'>SALLUSTII</span> <span class='ocrx_word' id='word_1_4' title='bbox 929 216 956 257; x_wconf 85' lang='lat' dir='ltr'>J</span> <span class='ocrx_word' id='word_1_5' title='bbox 959 218 1331 260; x_wconf 78' lang='lat' dir='ltr'><strong>UGURTHINUM</strong></span> <span class='ocrx_word' id='word_1_6' title='bbox 1334 250 1342 259; x_wconf 93' lang='lat'><em>.</em></span> 
     </span>
    </p>
   </div>
   <div class='ocr_carea' id='block_1_2' title="bbox 234 333 1729 1421">
    <p class='ocr_par' dir='ltr' id='par_1_2' title="bbox 234 333 1729 1421">
     <span class='ocr_line' id='line_1_2' title="bbox 240 333 1719 402; baseline 0.005 -22"><span class='ocrx_word' id='word_1_7' title='bbox 240 333 514 382; x_wconf 82' lang='lat' dir='ltr'><strong>sustineam.</strong></span> <span class='ocrx_word' id='word_1_8' title='bbox 582 336 767 383; x_wconf 89' lang='lat' dir='ltr'><strong>Bellum</strong></span> <span class='ocrx_word' id='word_1_9' title='bbox 801 353 980 400; x_wconf 88' lang='lat' dir='ltr'><strong>parare,</strong></span> <span class='ocrx_word' id='word_1_10' title='bbox 1024 339 1178 395; x_wconf 88' lang='lat' dir='ltr'><strong>simul,</strong></span> <span class='ocrx_word' id='word_1_11' title='bbox 1217 347 1263 387; x_wconf 89' lang='lat' dir='ltr'><strong>et</strong></span> <span class='ocrx_word' id='word_1_12' title='bbox 1299 339 1464 387; x_wconf 83' lang='lat' dir='ltr'><strong>aerario</strong></span> <span class='ocrx_word' id='word_1_13' title='bbox 1498 355 1719 402; x_wconf 88' lang='lat' dir='ltr'><strong>parcere;</strong></span> 
     </span>
     <span class='ocr_line' id='line_1_3' title="bbox 239 421 1727 488; baseline 0.003 -21"><span class='ocrx_word' id='word_1_14' title='bbox 239 427 401 484; x_wconf 80' lang='lat' dir='ltr'><strong>cogere</strong></span> <span class='ocrx_word' id='word_1_15' title='bbox 424 421 484 468; x_wconf 92' lang='lat' dir='ltr'><strong>ad</strong></span> <span class='ocrx_word' id='word_1_16' title='bbox 507 421 738 477; x_wconf 85' lang='lat' dir='ltr'><strong>militiam,</strong></span> <span class='ocrx_word' id='word_1_17' title='bbox 765 439 881 485; x_wconf 89' lang='lat' dir='ltr'><strong>quos</strong></span> <span class='ocrx_word' id='word_1_18' title='bbox 904 423 1025 470; x_wconf 84' lang='lat' dir='ltr'><strong>nolis</strong></span> <span class='ocrx_word' id='word_1_19' title='bbox 1060 425 1292 472; x_wconf 88' lang='lat' dir='ltr'><strong>offendere</strong></span> <span class='ocrx_word' id='word_1_20' title='bbox 1318 444 1330 480; x_wconf 92' lang='lat'>;</span> <span class='ocrx_word' id='word_1_21' title='bbox 1373 425 1500 472; x_wconf 89' lang='lat' dir='ltr'><strong>domi</strong></span> <span class='ocrx_word' id='word_1_22' title='bbox 1523 425 1727 488; x_wconf 88' lang='lat' dir='ltr'><strong>forisque</strong></span> 
     </span>
     <span class='ocr_line' id='line_1_4' title="bbox 237 507 1727 568; baseline 0.003 -16"><span class='ocrx_word' id='word_1_23' title='bbox 237 507 395 552; x_wconf 90' lang='lat' dir='ltr'><strong>omnia</strong></span> <span class='ocrx_word' id='word_1_24' title='bbox 418 523 601 562; x_wconf 83' lang='lat' dir='ltr'><strong>curare3</strong></span> <span class='ocrx_word' id='word_1_25' title='bbox 627 514 674 553; x_wconf 90' lang='lat' dir='ltr'><strong>et</strong></span> <span class='ocrx_word' id='word_1_26' title='bbox 697 523 751 553; x_wconf 86' lang='lat' dir='ltr'><strong>ea</strong></span> <span class='ocrx_word' id='word_1_27' title='bbox 774 524 909 568; x_wconf 84' lang='lat' dir='ltr'><strong>agere</strong></span> <span class='ocrx_word' id='word_1_28' title='bbox 931 508 1055 554; x_wconf 85' lang='lat' dir='ltr'><strong>inter</strong></span> <span class='ocrx_word' id='word_1_29' title='bbox 1085 509 1282 565; x_wconf 86' lang='lat' dir='ltr'><strong>invidos,</strong></span> <span class='ocrx_word' id='word_1_30' title='bbox 1309 511 1610 564; x_wconf 88' lang='lat' dir='ltr'><strong>occursantis,</strong></span> <span class='ocrx_word' id='word_1_31' title='bbox 1635 511 1727 557; x_wconf 89' lang='lat' dir='ltr'><strong>fac-</strong></span> 
     </span>
     <span class='ocr_line' id='line_1_5' title="bbox 236 591 1727 654; baseline 0.004 -17"><span class='ocrx_word' id='word_1_32' title='bbox 236 592 398 647; x_wconf 88' lang='lat' dir='ltr'><strong>tiosos,</strong></span> <span class='ocrx_word' id='word_1_33' title='bbox 426 591 658 653; x_wconf 89' lang='lat' dir='ltr'><strong>opinione,</strong></span> <span class='ocrx_word' id='word_1_34' title='bbox 687 592 911 648; x_wconf 82' lang='lat' dir='ltr'><strong>Quirites,</strong></span> <span class='ocrx_word' id='word_1_35' title='bbox 938 593 1149 654; x_wconf 89' lang='lat' dir='ltr'><strong>asperius</strong></span> <span class='ocrx_word' id='word_1_36' title='bbox 1184 601 1272 641; x_wconf 90' lang='lat' dir='ltr'><strong>est.</strong></span> <span class='ocrx_word' id='word_1_37' title='bbox 1341 596 1420 641; x_wconf 87' lang='lat' dir='ltr'><strong>Ad</strong></span> <span class='ocrx_word' id='word_1_38' title='bbox 1452 596 1557 652; x_wconf 90' lang='lat' dir='ltr'><strong>hoc,</strong></span> <span class='ocrx_word' id='word_1_39' title='bbox 1585 596 1663 643; x_wconf 87' lang='lat' dir='ltr'><strong>alii</strong></span> <span class='ocrx_word' id='word_1_40' title='bbox 1687 597 1727 642; x_wconf 91' lang='lat' dir='ltr'><strong>si</strong></span> 
     </span>
     <span class='ocr_line' id='line_1_6' title="bbox 240 675 1727 742; baseline 0.003 -20"><span class='ocrx_word' id='word_1_41' title='bbox 240 675 486 738; x_wconf 87' lang='lat' dir='ltr'><strong>deliquere,</strong></span> <span class='ocrx_word' id='word_1_42' title='bbox 513 682 649 721; x_wconf 83' lang='lat' dir='ltr'><strong>vetus</strong></span> <span class='ocrx_word' id='word_1_43' title='bbox 682 675 918 731; x_wconf 87' lang='lat' dir='ltr'><strong>nobilitas,</strong></span> <span class='ocrx_word' id='word_1_44' title='bbox 955 676 1185 739; x_wconf 87' lang='lat' dir='ltr'><strong>majorum</strong></span> <span class='ocrx_word' id='word_1_45' title='bbox 1217 677 1342 724; x_wconf 88' lang='lat' dir='ltr'><strong>facta</strong></span> <span class='ocrx_word' id='word_1_46' title='bbox 1377 679 1528 734; x_wconf 86' lang='lat' dir='ltr'><strong>fortia,</strong></span> <span class='ocrx_word' id='word_1_47' title='bbox 1560 696 1727 742; x_wconf 88' lang='lat' dir='ltr'><strong>cogna-</strong></span> 
     </span>
     <span class='ocr_line' id='line_1_7' title="bbox 236 750 1728 823; baseline 0.005 -19"><span class='ocrx_word' id='word_1_48' title='bbox 236 766 392 805; x_wconf 91' lang='lat' dir='ltr'><strong>torum</strong></span> <span class='ocrx_word' id='word_1_49' title='bbox 433 766 481 805; x_wconf 89' lang='lat' dir='ltr'><strong>et</strong></span> <span class='ocrx_word' id='word_1_50' title='bbox 515 759 741 806; x_wconf 88' lang='lat' dir='ltr'><strong>adfinium</strong></span> <span class='ocrx_word' id='word_1_51' title='bbox 776 777 903 823; x_wconf 89' lang='lat' dir='ltr'><strong>opes,</strong></span> <span class='ocrx_word' id='word_1_52' title='bbox 942 762 1107 809; x_wconf 89' lang='lat' dir='ltr'><strong>multae</strong></span> <span class='ocrx_word' id='word_1_53' title='bbox 1142 750 1384 819; x_wconf 77' lang='lat' dir='ltr'><strong>clientelae,</strong></span> <span class='ocrx_word' id='word_1_54' title='bbox 1424 765 1581 810; x_wconf 91' lang='lat' dir='ltr'><strong>omnia</strong></span> <span class='ocrx_word' id='word_1_55' title='bbox 1625 765 1728 812; x_wconf 88' lang='lat' dir='ltr'><strong>haec</strong></span> 
     </span>
     <span class='ocr_line' id='line_1_8' title="bbox 237 844 1728 912; baseline 0.004 -22"><span class='ocrx_word' id='word_1_56' title='bbox 237 844 457 906; x_wconf 87' lang='lat' dir='ltr'><strong>praesidio</strong></span> <span class='ocrx_word' id='word_1_57' title='bbox 492 844 665 891; x_wconf 83' lang='lat' dir='ltr'><strong>adsunt</strong></span> <span class='ocrx_word' id='word_1_58' title='bbox 685 864 695 891; x_wconf 75' lang='grc' dir='ltr'><strong>ε</strong></span> <span class='ocrx_word' id='word_1_59' title='bbox 733 846 853 892; x_wconf 91' lang='lat' dir='ltr'><strong>mihi</strong></span> <span class='ocrx_word' id='word_1_60' title='bbox 877 863 983 909; x_wconf 89' lang='lat' dir='ltr'><strong>spes</strong></span> <span class='ocrx_word' id='word_1_61' title='bbox 1007 848 1160 894; x_wconf 89' lang='lat' dir='ltr'><strong>omnis</strong></span> <span class='ocrx_word' id='word_1_62' title='bbox 1182 848 1231 894; x_wconf 91' lang='lat' dir='ltr'><strong>in</strong></span> <span class='ocrx_word' id='word_1_63' title='bbox 1267 855 1441 895; x_wconf 86' lang='lat' dir='ltr'><strong>memet</strong></span> <span class='ocrx_word' id='word_1_64' title='bbox 1465 849 1584 904; x_wconf 88' lang='lat' dir='ltr'><strong>sitae,</strong></span> <span class='ocrx_word' id='word_1_65' title='bbox 1612 865 1728 912; x_wconf 89' lang='lat' dir='ltr'><strong>quas</strong></span> 
     </span>
     <span class='ocr_line' id='line_1_9' title="bbox 235 931 1729 987; baseline 0.005 -12"><span class='ocrx_word' id='word_1_66' title='bbox 235 945 422 977; x_wconf 86' lang='lat' dir='ltr'><strong>necesse</strong></span> <span class='ocrx_word' id='word_1_67' title='bbox 447 936 519 977; x_wconf 86' lang='lat' dir='ltr'><strong>est</strong></span> <span class='ocrx_word' id='word_1_68' title='bbox 543 939 590 978; x_wconf 88' lang='lat' dir='ltr'><strong>et</strong></span> <span class='ocrx_word' id='word_1_69' title='bbox 612 931 798 987; x_wconf 89' lang='lat' dir='ltr'><strong>virtute,</strong></span> <span class='ocrx_word' id='word_1_70' title='bbox 827 938 873 978; x_wconf 91' lang='lat' dir='ltr'><strong>et</strong></span> <span class='ocrx_word' id='word_1_71' title='bbox 897 932 1161 980; x_wconf 70' lang='lat' dir='ltr'><strong>innocentia</strong></span> <span class='ocrx_word' id='word_1_72' title='bbox 1195 935 1337 981; x_wconf 86' lang='lat' dir='ltr'><strong>tutari</strong></span> <span class='ocrx_word' id='word_1_73' title='bbox 1359 953 1369 980; x_wconf 90' lang='lat'>:</span> <span class='ocrx_word' id='word_1_74' title='bbox 1407 951 1518 982; x_wconf 89' lang='lat' dir='ltr'><strong>nam</strong></span> <span class='ocrx_word' id='word_1_75' title='bbox 1547 935 1639 982; x_wconf 89' lang='lat' dir='ltr'><strong>alia</strong></span> <span class='ocrx_word' id='word_1_76' title='bbox 1659 935 1729 981; x_wconf 90' lang='lat' dir='ltr'><strong>in-</strong></span> 
     </span>
     <span class='ocr_line' id='line_1_10' title="bbox 234 1016 1728 1081; baseline 0.004 -20"><span class='ocrx_word' id='word_1_77' title='bbox 234 1016 369 1062; x_wconf 88' lang='lat' dir='ltr'><strong>firma</strong></span> <span class='ocrx_word' id='word_1_78' title='bbox 392 1022 517 1062; x_wconf 90' lang='lat' dir='ltr'><strong>sunt.</strong></span> <span class='ocrx_word' id='word_1_79' title='bbox 589 1016 652 1063; x_wconf 92' lang='lat' dir='ltr'><strong>Et</strong></span> <span class='ocrx_word' id='word_1_80' title='bbox 674 1017 791 1064; x_wconf 91' lang='lat' dir='ltr'><strong>illud</strong></span> <span class='ocrx_word' id='word_1_81' title='bbox 814 1018 1047 1081; x_wconf 84' lang='lat' dir='ltr'><strong>intellego,</strong></span> <span class='ocrx_word' id='word_1_82' title='bbox 1077 1019 1284 1074; x_wconf 82' lang='lat' dir='ltr'><strong>Quirites</strong></span> <span class='ocrx_word' id='word_1_83' title='bbox 1303 1038 1313 1066; x_wconf 91' lang='lat'>:</span> <span class='ocrx_word' id='word_1_84' title='bbox 1341 1020 1552 1067; x_wconf 92' lang='lat' dir='ltr'><strong>omnium</strong></span> <span class='ocrx_word' id='word_1_85' title='bbox 1576 1036 1656 1067; x_wconf 88' lang='lat' dir='ltr'><strong>ora</strong></span> <span class='ocrx_word' id='word_1_86' title='bbox 1679 1021 1728 1066; x_wconf 92' lang='lat' dir='ltr'><strong>in</strong></span> 
     </span>
     <span class='ocr_line' id='line_1_11' title="bbox 235 1104 1728 1169; baseline 0.003 -21"><span class='ocrx_word' id='word_1_87' title='bbox 235 1116 310 1148; x_wconf 89' lang='lat' dir='ltr'><strong>me</strong></span> <span class='ocrx_word' id='word_1_88' title='bbox 334 1117 556 1148; x_wconf 81' lang='lat' dir='ltr'><strong>conversa</strong></span> <span class='ocrx_word' id='word_1_89' title='bbox 578 1118 679 1149; x_wconf 87' lang='lat' dir='ltr'><strong>esse</strong></span> <span class='ocrx_word' id='word_1_90' title='bbox 700 1123 712 1158; x_wconf 91' lang='lat'>;</span> <span class='ocrx_word' id='word_1_91' title='bbox 739 1119 899 1166; x_wconf 89' lang='lat' dir='ltr'><strong>aequos</strong></span> <span class='ocrx_word' id='word_1_92' title='bbox 923 1104 1162 1167; x_wconf 89' lang='lat' dir='ltr'><strong>bonosque</strong></span> <span class='ocrx_word' id='word_1_93' title='bbox 1185 1104 1336 1152; x_wconf 76' lang='lat' dir='ltr'><strong>favere</strong></span> <span class='ocrx_word' id='word_1_94' title='bbox 1358 1123 1368 1151; x_wconf 93' lang='lat'>:</span> <span class='ocrx_word' id='word_1_95' title='bbox 1396 1105 1569 1169; x_wconf 91' lang='lat' dir='ltr'><strong>quippe</strong></span> <span class='ocrx_word' id='word_1_96' title='bbox 1592 1106 1728 1152; x_wconf 90' lang='lat' dir='ltr'><strong>bene-</strong></span> 
     </span>
     <span class='ocr_line' id='line_1_12' title="bbox 235 1186 1729 1251; baseline 0.003 -19"><span class='ocrx_word' id='word_1_97' title='bbox 235 1186 359 1233; x_wconf 88' lang='lat' dir='ltr'><strong>facta</strong></span> <span class='ocrx_word' id='word_1_98' title='bbox 381 1203 485 1234; x_wconf 88' lang='lat' dir='ltr'><strong>mea</strong></span> <span class='ocrx_word' id='word_1_99' title='bbox 506 1187 775 1249; x_wconf 82' lang='lat' dir='ltr'><strong>reipublicae</strong></span> <span class='ocrx_word' id='word_1_100' title='bbox 809 1189 1069 1251; x_wconf 89' lang='lat' dir='ltr'><strong>procedunt</strong></span> <span class='ocrx_word' id='word_1_101' title='bbox 1091 1190 1124 1236; x_wconf 78' lang='lat'><strong>:³</strong></span> <span class='ocrx_word' id='word_1_102' title='bbox 1148 1190 1440 1237; x_wconf 88' lang='lat' dir='ltr'><strong>nobilitatem</strong></span> <span class='ocrx_word' id='word_1_103' title='bbox 1473 1191 1628 1237; x_wconf 87' lang='lat' dir='ltr'><strong>locum</strong></span> <span class='ocrx_word' id='word_1_104' title='bbox 1659 1191 1729 1237; x_wconf 90' lang='lat' dir='ltr'><strong>in-</strong></span> 
     </span>
     <span class='ocr_line' id='line_1_13' title="bbox 236 1271 1728 1335; baseline 0.003 -17"><span class='ocrx_word' id='word_1_105' title='bbox 236 1271 437 1319; x_wconf 85' lang='lat' dir='ltr'><strong>vadendi</strong></span> <span class='ocrx_word' id='word_1_106' title='bbox 459 1289 682 1335; x_wconf 83' lang='lat' dir='ltr'><strong>quaerere.</strong></span> <span class='ocrx_word' id='word_1_107' title='bbox 753 1275 859 1329; x_wconf 76' lang='lat' dir='ltr'><strong>Quo</strong></span> <span class='ocrx_word' id='word_1_108' title='bbox 894 1275 1011 1321; x_wconf 84' lang='lat' dir='ltr'><strong>mihi</strong></span> <span class='ocrx_word' id='word_1_109' title='bbox 1045 1274 1196 1322; x_wconf 64' lang='lat' dir='ltr'><strong>acrius</strong></span> <span class='ocrx_word' id='word_1_110' title='bbox 1233 1275 1539 1322; x_wconf 86' lang='lat' dir='ltr'><strong>adnitendum</strong></span> <span class='ocrx_word' id='word_1_111' title='bbox 1562 1283 1647 1332; x_wconf 91' lang='lat' dir='ltr'><strong>est,</strong></span> <span class='ocrx_word' id='word_1_112' title='bbox 1674 1283 1728 1322; x_wconf 88' lang='lat' dir='ltr'><strong>ut</strong></span> 
     </span>
     <span class='ocr_line' id='line_1_14' title="bbox 236 1358 1728 1421; baseline 0.002 -18"><span class='ocrx_word' id='word_1_113' title='bbox 236 1373 386 1420; x_wconf 91' lang='lat' dir='ltr'><strong>neque</strong></span> <span class='ocrx_word' id='word_1_114' title='bbox 410 1374 490 1405; x_wconf 87' lang='lat' dir='ltr'><strong>vos</strong></span> <span class='ocrx_word' id='word_1_115' title='bbox 530 1358 816 1421; x_wconf 81' lang='lat' dir='ltr'><strong>capiamini,⁴</strong></span> <span class='ocrx_word' id='word_1_116' title='bbox 851 1366 898 1406; x_wconf 90' lang='lat' dir='ltr'><strong>et</strong></span> <span class='ocrx_word' id='word_1_117' title='bbox 936 1360 1004 1406; x_wconf 89' lang='lat' dir='ltr'><strong>illi</strong></span> <span class='ocrx_word' id='word_1_118' title='bbox 1043 1360 1217 1406; x_wconf 87' lang='lat' dir='ltr'><strong>frustra</strong></span> <span class='ocrx_word' id='word_1_119' title='bbox 1241 1360 1351 1406; x_wconf 86' lang='lat' dir='ltr'><strong>sint.</strong></span> <span class='ocrx_word' id='word_1_120' title='bbox 1423 1362 1499 1407; x_wconf 88' lang='lat' dir='ltr'><strong>Ita</strong></span> <span class='ocrx_word' id='word_1_121' title='bbox 1539 1360 1599 1407; x_wconf 90' lang='lat' dir='ltr'><strong>ad</strong></span> <span class='ocrx_word' id='word_1_122' title='bbox 1637 1361 1728 1408; x_wconf 88' lang='lat' dir='ltr'><strong>hoc</strong></span> 
     </span>
    </p>
   </div>
   <div class='ocr_carea' id='block_1_3' title="bbox 236 1527 1730 2802">
    <p class='ocr_par' dir='ltr' id='par_1_3' title="bbox 236 1527 1730 1696">
     <span class='ocr_line' id='line_1_15' title="bbox 236 1527 1728 1577; baseline 0.002 -14"><span class='ocrx_word' id='word_1_123' title='bbox 236 1528 322 1564; x_wconf 86' lang='lat' dir='ltr'><strong>that</strong></span> <span class='ocrx_word' id='word_1_124' title='bbox 340 1527 383 1572; x_wconf 79' lang='lat' dir='ltr'><strong>is,</strong></span> <span class='ocrx_word' id='word_1_125' title='bbox 405 1529 445 1563; x_wconf 78' lang='lat' dir='ltr'><strong>in</strong></span> <span class='ocrx_word' id='word_1_126' title='bbox 473 1528 644 1565; x_wconf 80' lang='lat' dir='ltr'><strong>maximo</strong></span> <span class='ocrx_word' id='word_1_127' title='bbox 663 1534 757 1566; x_wconf 74' lang='lat' dir='ltr'><strong>vest.</strong></span> <span class='ocrx_word' id='word_1_128' title='bbox 777 1527 867 1574; x_wconf 84' lang='lat' dir='ltr'><strong>&amp;c.;</strong></span> <span class='ocrx_word' id='word_1_129' title='bbox 898 1530 971 1566; x_wconf 86' lang='lat' dir='ltr'><strong>and</strong></span> <span class='ocrx_word' id='word_1_130' title='bbox 991 1529 1093 1575; x_wconf 81' lang='lat' dir='ltr'><strong>adds,</strong></span> <span class='ocrx_word' id='word_1_131' title='bbox 1117 1529 1157 1567; x_wconf 89' lang='lat' dir='ltr'><strong>Si</strong></span> <span class='ocrx_word' id='word_1_132' title='bbox 1185 1530 1274 1577; x_wconf 88' lang='lat' dir='ltr'><strong>quid</strong></span> <span class='ocrx_word' id='word_1_133' title='bbox 1307 1529 1390 1566; x_wconf 86' lang='lat' dir='ltr'><strong>istic</strong></span> <span class='ocrx_word' id='word_1_134' title='bbox 1417 1530 1652 1571; x_wconf 78' lang='lat' dir='ltr'><strong>mutandum,</strong></span> <span class='ocrx_word' id='word_1_135' title='bbox 1675 1529 1728 1566; x_wconf 88' lang='lat' dir='ltr'><strong>le-</strong></span> 
     </span>
     <span class='ocr_line' id='line_1_16' title="bbox 237 1591 1730 1640; baseline 0.001 -12"><span class='ocrx_word' id='word_1_136' title='bbox 237 1603 364 1639; x_wconf 86' lang='lat' dir='ltr'><strong>gerem</strong></span> <span class='ocrx_word' id='word_1_137' title='bbox 383 1599 567 1639; x_wconf 77' lang='lat' dir='ltr'><strong>quantum</strong></span> <span class='ocrx_word' id='word_1_138' title='bbox 587 1606 674 1630; x_wconf 90' lang='lat' dir='ltr'><strong>eum</strong></span> <span class='ocrx_word' id='word_1_139' title='bbox 693 1591 866 1630; x_wconf 74' lang='lat' dir='ltr'><strong>maxime</strong></span> <span class='ocrx_word' id='word_1_140' title='bbox 887 1595 1073 1640; x_wconf 85' lang='lat' dir='ltr'><strong>beneficio,</strong></span> <span class='ocrx_word' id='word_1_141' title='bbox 1094 1595 1156 1630; x_wconf 68' lang='grc' dir='ltr'><strong>δερ.</strong></span> <span class='ocrx_word' id='word_1_142' title='bbox 1215 1595 1294 1630; x_wconf 87' lang='lat' dir='ltr'><strong>The</strong></span> <span class='ocrx_word' id='word_1_143' title='bbox 1305 1594 1455 1630; x_wconf 82' lang='lat' dir='ltr'><strong>learned</strong></span> <span class='ocrx_word' id='word_1_144' title='bbox 1477 1594 1646 1631; x_wconf 86' lang='lat' dir='ltr'><strong>Kritzius</strong></span> <span class='ocrx_word' id='word_1_145' title='bbox 1660 1595 1730 1630; x_wconf 75' lang='lat' dir='ltr'><strong>has</strong></span> 
     </span>
     <span class='ocr_line' id='line_1_17' title="bbox 239 1656 800 1696; baseline 0.005 -5"><span class='ocrx_word' id='word_1_146' title='bbox 239 1656 395 1692; x_wconf 86' lang='lat' dir='ltr'><strong>omitted</strong></span> <span class='ocrx_word' id='word_1_147' title='bbox 414 1662 453 1693; x_wconf 90' lang='lat' dir='ltr'><strong>to</strong></span> <span class='ocrx_word' id='word_1_148' title='bbox 471 1658 593 1694; x_wconf 87' lang='lat' dir='ltr'><strong>notice</strong></span> <span class='ocrx_word' id='word_1_149' title='bbox 611 1658 800 1696; x_wconf 69' lang='lat' dir='ltr'><strong>this—C.</strong></span> 
     </span>
    </p>

    <p class='ocr_par' dir='ltr' id='par_1_4' title="bbox 236 1718 1728 2531">
     <span class='ocr_line' id='line_1_18' title="bbox 292 1718 1727 1774; baseline 0.001 -17"><span class='ocrx_word' id='word_1_150' title='bbox 292 1718 307 1740; x_wconf 79' lang='lat'><strong>¹</strong></span> <span class='ocrx_word' id='word_1_151' title='bbox 327 1722 540 1770; x_wconf 85' lang='lat' dir='ltr'><strong>Benefacta</strong></span> <span class='ocrx_word' id='word_1_152' title='bbox 561 1735 642 1757; x_wconf 81' lang='lat' dir='ltr'><strong>mea</strong></span> <span class='ocrx_word' id='word_1_153' title='bbox 663 1723 880 1770; x_wconf 80' lang='lat' dir='ltr'><strong>reipublicae</strong></span> <span class='ocrx_word' id='word_1_154' title='bbox 893 1722 1144 1774; x_wconf 54' lang='lat' dir='ltr'><strong>procedunt]</strong></span> <span class='ocrx_word' id='word_1_155' title='bbox 1177 1724 1255 1760; x_wconf 88' lang='lat' dir='ltr'><strong>The</strong></span> <span class='ocrx_word' id='word_1_156' title='bbox 1274 1724 1365 1760; x_wconf 80' lang='lat' dir='ltr'><strong>verb</strong></span> <span class='ocrx_word' id='word_1_157' title='bbox 1393 1724 1587 1770; x_wconf 83' lang='lat' dir='ltr'><strong>procedere</strong></span> <span class='ocrx_word' id='word_1_158' title='bbox 1610 1723 1727 1771; x_wconf 87' lang='lat' dir='ltr'><strong>signi·</strong></span> 
     </span>
     <span class='ocr_line' id='line_1_19' title="bbox 237 1785 1727 1834; baseline 0.002 -14"><span class='ocrx_word' id='word_1_159' title='bbox 237 1785 302 1821; x_wconf 90' lang='lat' dir='ltr'><strong>fies</strong></span> <span class='ocrx_word' id='word_1_160' title='bbox 321 1786 533 1822; x_wconf 85' lang='lat' dir='ltr'><strong>sometimes</strong></span> <span class='ocrx_word' id='word_1_161' title='bbox 561 1790 600 1822; x_wconf 89' lang='lat' dir='ltr'><strong>to</strong></span> <span class='ocrx_word' id='word_1_162' title='bbox 619 1798 722 1823; x_wconf 86' lang='lat' dir='ltr'><strong>come</strong></span> <span class='ocrx_word' id='word_1_163' title='bbox 750 1788 897 1831; x_wconf 75' lang='lat' dir='ltr'><strong>abroad.</strong></span> <span class='ocrx_word' id='word_1_164' title='bbox 922 1794 959 1823; x_wconf 92' lang='lat' dir='ltr'><strong>to</strong></span> <span class='ocrx_word' id='word_1_165' title='bbox 978 1799 1081 1824; x_wconf 89' lang='lat' dir='ltr'><strong>come</strong></span> <span class='ocrx_word' id='word_1_166' title='bbox 1109 1794 1148 1824; x_wconf 93' lang='lat' dir='ltr'><strong>to</strong></span> <span class='ocrx_word' id='word_1_167' title='bbox 1168 1788 1293 1834; x_wconf 88' lang='lat' dir='ltr'><strong>public</strong></span> <span class='ocrx_word' id='word_1_168' title='bbox 1312 1788 1432 1831; x_wconf 79' lang='lat' dir='ltr'><strong>view3</strong></span> <span class='ocrx_word' id='word_1_169' title='bbox 1454 1787 1529 1823; x_wconf 88' lang='lat' dir='ltr'><strong>and</strong></span> <span class='ocrx_word' id='word_1_170' title='bbox 1549 1798 1588 1823; x_wconf 92' lang='lat' dir='ltr'><strong>so</strong></span> <span class='ocrx_word' id='word_1_171' title='bbox 1617 1787 1727 1823; x_wconf 89' lang='lat' dir='ltr'><strong>bene-</strong></span> 
     </span>
     <span class='ocr_line' id='line_1_20' title="bbox 236 1849 1728 1899; baseline 0.001 -15"><span class='ocrx_word' id='word_1_172' title='bbox 236 1849 338 1884; x_wconf 82' lang='lat' dir='ltr'><strong>facta</strong></span> <span class='ocrx_word' id='word_1_173' title='bbox 356 1860 440 1885; x_wconf 83' lang='lat' dir='ltr'><strong>mea</strong></span> <span class='ocrx_word' id='word_1_174' title='bbox 458 1849 661 1896; x_wconf 88' lang='lat' dir='ltr'><strong>reipublica</strong></span> <span class='ocrx_word' id='word_1_175' title='bbox 689 1851 894 1897; x_wconf 86' lang='lat' dir='ltr'><strong>procedunt</strong></span> <span class='ocrx_word' id='word_1_176' title='bbox 913 1851 991 1887; x_wconf 81' lang='lat' dir='ltr'><strong>will</strong></span> <span class='ocrx_word' id='word_1_177' title='bbox 1022 1852 1174 1899; x_wconf 62' lang='lat' dir='ltr'><strong>signifiv,</strong></span> <span class='ocrx_word' id='word_1_178' title='bbox 1197 1851 1267 1899; x_wconf 85' lang='lat' dir='ltr'><strong>My</strong></span> <span class='ocrx_word' id='word_1_179' title='bbox 1285 1851 1383 1898; x_wconf 88' lang='lat' dir='ltr'><strong>good</strong></span> <span class='ocrx_word' id='word_1_180' title='bbox 1411 1850 1570 1887; x_wconf 86' lang='lat' dir='ltr'><strong>services</strong></span> <span class='ocrx_word' id='word_1_181' title='bbox 1597 1855 1636 1886; x_wconf 89' lang='lat' dir='ltr'><strong>to</strong></span> <span class='ocrx_word' id='word_1_182' title='bbox 1663 1851 1728 1887; x_wconf 88' lang='lat' dir='ltr'><strong>the</strong></span> 
     </span>
     <span class='ocr_line' id='line_1_21' title="bbox 239 1913 1726 1962; baseline 0.001 -14"><span class='ocrx_word' id='word_1_183' title='bbox 239 1917 335 1948; x_wconf 83' lang='lat' dir='ltr'><strong>state</strong></span> <span class='ocrx_word' id='word_1_184' title='bbox 365 1924 427 1949; x_wconf 88' lang='lat' dir='ltr'><strong>are</strong></span> <span class='ocrx_word' id='word_1_185' title='bbox 459 1913 654 1961; x_wconf 81' lang='lat' dir='ltr'><strong>displayed</strong></span> <span class='ocrx_word' id='word_1_186' title='bbox 673 1915 711 1950; x_wconf 91' lang='lat' dir='ltr'><strong>in</strong></span> <span class='ocrx_word' id='word_1_187' title='bbox 744 1915 841 1950; x_wconf 87' lang='lat' dir='ltr'><strong>their</strong></span> <span class='ocrx_word' id='word_1_188' title='bbox 860 1915 967 1960; x_wconf 86' lang='lat' dir='ltr'><strong>view,</strong></span> <span class='ocrx_word' id='word_1_189' title='bbox 990 1927 1040 1961; x_wconf 87' lang='lat' dir='ltr'><strong>or,</strong></span> <span class='ocrx_word' id='word_1_190' title='bbox 1063 1927 1124 1951; x_wconf 88' lang='lat' dir='ltr'><strong>are</strong></span> <span class='ocrx_word' id='word_1_191' title='bbox 1156 1916 1226 1951; x_wconf 85' lang='lat' dir='ltr'><strong>full</strong></span> <span class='ocrx_word' id='word_1_192' title='bbox 1254 1916 1377 1952; x_wconf 82' lang='lat' dir='ltr'><strong>before</strong></span> <span class='ocrx_word' id='word_1_193' title='bbox 1405 1915 1501 1951; x_wconf 88' lang='lat' dir='ltr'><strong>their</strong></span> <span class='ocrx_word' id='word_1_194' title='bbox 1528 1925 1628 1962; x_wconf 85' lang='lat' dir='ltr'><strong>eyes,</strong></span> <span class='ocrx_word' id='word_1_195' title='bbox 1648 1913 1674 1950; x_wconf 79' lang='lat' dir='ltr'><strong>i.</strong></span> <span class='ocrx_word' id='word_1_196' title='bbox 1696 1927 1726 1950; x_wconf 87' lang='lat' dir='ltr'><strong>e.</strong></span> 
     </span>
     <span class='ocr_line' id='line_1_22' title="bbox 238 1976 1726 2016; baseline 0.003 -6"><span class='ocrx_word' id='word_1_197' title='bbox 238 1976 355 2011; x_wconf 89' lang='lat' dir='ltr'><strong>under</strong></span> <span class='ocrx_word' id='word_1_198' title='bbox 374 1976 470 2012; x_wconf 86' lang='lat' dir='ltr'><strong>their</strong></span> <span class='ocrx_word' id='word_1_199' title='bbox 488 1978 769 2014; x_wconf 82' lang='lat' dir='ltr'><strong>consideration.</strong></span> <span class='ocrx_word' id='word_1_200' title='bbox 828 1978 874 2014; x_wconf 93' lang='lat' dir='ltr'><strong>In</strong></span> <span class='ocrx_word' id='word_1_201' title='bbox 893 1979 968 2014; x_wconf 91' lang='lat' dir='ltr'><strong>this</strong></span> <span class='ocrx_word' id='word_1_202' title='bbox 996 1990 1100 2015; x_wconf 84' lang='lat' dir='ltr'><strong>sense</strong></span> <span class='ocrx_word' id='word_1_203' title='bbox 1121 1979 1270 2016; x_wconf 87' lang='lat' dir='ltr'><strong>Cortius</strong></span> <span class='ocrx_word' id='word_1_204' title='bbox 1299 1978 1546 2015; x_wconf 88' lang='lat' dir='ltr'><strong>understands</strong></span> <span class='ocrx_word' id='word_1_205' title='bbox 1565 1978 1629 2014; x_wconf 85' lang='lat' dir='ltr'><strong>the</strong></span> <span class='ocrx_word' id='word_1_206' title='bbox 1655 1989 1726 2014; x_wconf 85' lang='lat' dir='ltr'><strong>ex-</strong></span> 
     </span>
     <span class='ocr_line' id='line_1_23' title="bbox 237 2040 1725 2089; baseline 0.001 -15"><span class='ocrx_word' id='word_1_207' title='bbox 237 2040 413 2085; x_wconf 86' lang='lat' dir='ltr'><strong>pression,</strong></span> <span class='ocrx_word' id='word_1_208' title='bbox 435 2040 520 2075; x_wconf 86' lang='lat' dir='ltr'><strong>who</strong></span> <span class='ocrx_word' id='word_1_209' title='bbox 540 2040 715 2087; x_wconf 81' lang='lat' dir='ltr'><strong>explains</strong></span> <span class='ocrx_word' id='word_1_210' title='bbox 734 2043 938 2087; x_wconf 87' lang='lat' dir='ltr'><strong>procedunt</strong></span> <span class='ocrx_word' id='word_1_211' title='bbox 966 2043 1018 2089; x_wconf 79' lang='lat' dir='ltr'><strong>by</strong></span> <span class='ocrx_word' id='word_1_212' title='bbox 1038 2047 1268 2089; x_wconf 86' lang='lat' dir='ltr'><strong>reputantur,</strong></span> <span class='ocrx_word' id='word_1_213' title='bbox 1291 2042 1581 2078; x_wconf 87' lang='lat' dir='ltr'><strong>considerantur.</strong></span> <span class='ocrx_word' id='word_1_214' title='bbox 1638 2040 1725 2076; x_wconf 86' lang='lat' dir='ltr'><strong>Ma-</strong></span> 
     </span>
     <span class='ocr_line' id='line_1_24' title="bbox 237 2102 1726 2153; baseline 0.001 -16"><span class='ocrx_word' id='word_1_215' title='bbox 237 2102 314 2138; x_wconf 85' lang='lat' dir='ltr'><strong>rius</strong></span> <span class='ocrx_word' id='word_1_216' title='bbox 333 2103 408 2138; x_wconf 88' lang='lat' dir='ltr'><strong>had</strong></span> <span class='ocrx_word' id='word_1_217' title='bbox 438 2103 520 2139; x_wconf 87' lang='lat' dir='ltr'><strong>said</strong></span> <span class='ocrx_word' id='word_1_218' title='bbox 552 2104 591 2139; x_wconf 89' lang='lat' dir='ltr'><strong>iu</strong></span> <span class='ocrx_word' id='word_1_219' title='bbox 623 2105 688 2140; x_wconf 90' lang='lat' dir='ltr'><strong>the</strong></span> <span class='ocrx_word' id='word_1_220' title='bbox 717 2105 852 2141; x_wconf 87' lang='lat' dir='ltr'><strong>former</strong></span> <span class='ocrx_word' id='word_1_221' title='bbox 882 2110 1064 2150; x_wconf 88' lang='lat' dir='ltr'><strong>sentence,</strong></span> <span class='ocrx_word' id='word_1_222' title='bbox 1085 2106 1170 2142; x_wconf 84' lang='lat' dir='ltr'><strong>that</strong></span> <span class='ocrx_word' id='word_1_223' title='bbox 1189 2107 1252 2142; x_wconf 87' lang='lat' dir='ltr'><strong>the</strong></span> <span class='ocrx_word' id='word_1_224' title='bbox 1284 2117 1371 2153; x_wconf 80' lang='lat' dir='ltr'><strong>eyes</strong></span> <span class='ocrx_word' id='word_1_225' title='bbox 1390 2106 1432 2141; x_wconf 87' lang='lat' dir='ltr'><strong>of</strong></span> <span class='ocrx_word' id='word_1_226' title='bbox 1445 2105 1497 2141; x_wconf 90' lang='lat' dir='ltr'><strong>all</strong></span> <span class='ocrx_word' id='word_1_227' title='bbox 1517 2116 1602 2140; x_wconf 88' lang='lat' dir='ltr'><strong>men</strong></span> <span class='ocrx_word' id='word_1_228' title='bbox 1630 2115 1726 2140; x_wconf 87' lang='lat' dir='ltr'><strong>were</strong></span> 
     </span>
     <span class='ocr_line' id='line_1_25' title="bbox 237 2166 1727 2216; baseline 0.001 -15"><span class='ocrx_word' id='word_1_229' title='bbox 237 2166 371 2202; x_wconf 86' lang='lat' dir='ltr'><strong>turned</strong></span> <span class='ocrx_word' id='word_1_230' title='bbox 391 2177 491 2212; x_wconf 88' lang='lat' dir='ltr'><strong>upon</strong></span> <span class='ocrx_word' id='word_1_231' title='bbox 509 2167 610 2211; x_wconf 72' lang='lat' dir='ltr'><strong>him,</strong></span> <span class='ocrx_word' id='word_1_232' title='bbox 640 2168 716 2203; x_wconf 90' lang='lat' dir='ltr'><strong>and</strong></span> <span class='ocrx_word' id='word_1_233' title='bbox 735 2179 819 2203; x_wconf 82' lang='lat' dir='ltr'><strong>now</strong></span> <span class='ocrx_word' id='word_1_234' title='bbox 838 2169 885 2204; x_wconf 90' lang='lat' dir='ltr'><strong>he</strong></span> <span class='ocrx_word' id='word_1_235' title='bbox 904 2169 1006 2213; x_wconf 87' lang='lat' dir='ltr'><strong>adds,</strong></span> <span class='ocrx_word' id='word_1_236' title='bbox 1028 2169 1113 2205; x_wconf 86' lang='lat' dir='ltr'><strong>that</strong></span> <span class='ocrx_word' id='word_1_237' title='bbox 1131 2170 1228 2216; x_wconf 86' lang='lat' dir='ltr'><strong>good</strong></span> <span class='ocrx_word' id='word_1_238' title='bbox 1256 2180 1342 2204; x_wconf 88' lang='lat' dir='ltr'><strong>men</strong></span> <span class='ocrx_word' id='word_1_239' title='bbox 1361 2169 1540 2204; x_wconf 80' lang='lat' dir='ltr'><strong>favoured</strong></span> <span class='ocrx_word' id='word_1_240' title='bbox 1565 2168 1654 2212; x_wconf 85' lang='lat' dir='ltr'><strong>him,</strong></span> <span class='ocrx_word' id='word_1_241' title='bbox 1686 2179 1727 2203; x_wconf 92' lang='lat' dir='ltr'><strong>or</strong></span> 
     </span>
     <span class='ocr_line' id='line_1_26' title="bbox 237 2229 1727 2280; baseline 0.002 -16"><span class='ocrx_word' id='word_1_242' title='bbox 237 2229 378 2266; x_wconf 77' lang='lat' dir='ltr'><strong>wished</strong></span> <span class='ocrx_word' id='word_1_243' title='bbox 398 2230 482 2266; x_wconf 83' lang='lat' dir='ltr'><strong>well</strong></span> <span class='ocrx_word' id='word_1_244' title='bbox 516 2236 555 2267; x_wconf 88' lang='lat' dir='ltr'><strong>to</strong></span> <span class='ocrx_word' id='word_1_245' title='bbox 574 2231 633 2268; x_wconf 89' lang='lat' dir='ltr'><strong>his</strong></span> <span class='ocrx_word' id='word_1_246' title='bbox 664 2232 840 2277; x_wconf 82' lang='lat' dir='ltr'><strong>interest3</strong></span> <span class='ocrx_word' id='word_1_247' title='bbox 870 2232 1025 2269; x_wconf 86' lang='lat' dir='ltr'><strong>because</strong></span> <span class='ocrx_word' id='word_1_248' title='bbox 1044 2233 1153 2268; x_wconf 79' lang='lat' dir='ltr'><strong>when</strong></span> <span class='ocrx_word' id='word_1_249' title='bbox 1181 2233 1274 2280; x_wconf 78' lang='lat' dir='ltr'><strong>they</strong></span> <span class='ocrx_word' id='word_1_250' title='bbox 1292 2232 1425 2268; x_wconf 89' lang='lat' dir='ltr'><strong>looked</strong></span> <span class='ocrx_word' id='word_1_251' title='bbox 1454 2243 1553 2277; x_wconf 88' lang='lat' dir='ltr'><strong>upon</strong></span> <span class='ocrx_word' id='word_1_252' title='bbox 1582 2232 1672 2275; x_wconf 87' lang='lat' dir='ltr'><strong>him,</strong></span> <span class='ocrx_word' id='word_1_253' title='bbox 1704 2243 1727 2267; x_wconf 85' lang='lat' dir='ltr'><strong>a</strong></span> 
     </span>
     <span class='ocr_line' id='line_1_27' title="bbox 237 2295 1726 2345; baseline 0.001 -14"><span class='ocrx_word' id='word_1_254' title='bbox 237 2295 335 2331; x_wconf 90' lang='lat' dir='ltr'><strong>train</strong></span> <span class='ocrx_word' id='word_1_255' title='bbox 354 2297 396 2332; x_wconf 86' lang='lat' dir='ltr'><strong>of</strong></span> <span class='ocrx_word' id='word_1_256' title='bbox 408 2297 518 2333; x_wconf 92' lang='lat' dir='ltr'><strong>noble</strong></span> <span class='ocrx_word' id='word_1_257' title='bbox 536 2297 658 2333; x_wconf 85' lang='lat' dir='ltr'><strong>heroic</strong></span> <span class='ocrx_word' id='word_1_258' title='bbox 677 2299 820 2334; x_wconf 83' lang='lat' dir='ltr'><strong>actions</strong></span> <span class='ocrx_word' id='word_1_259' title='bbox 839 2299 1033 2345; x_wconf 86' lang='lat' dir='ltr'><strong>presented</strong></span> <span class='ocrx_word' id='word_1_260' title='bbox 1061 2298 1286 2335; x_wconf 82' lang='lat' dir='ltr'><strong>themselves</strong></span> <span class='ocrx_word' id='word_1_261' title='bbox 1306 2303 1344 2334; x_wconf 91' lang='lat' dir='ltr'><strong>to</strong></span> <span class='ocrx_word' id='word_1_262' title='bbox 1362 2299 1468 2342; x_wconf 77' lang='lat' dir='ltr'><strong>view,</strong></span> <span class='ocrx_word' id='word_1_263' title='bbox 1490 2298 1564 2333; x_wconf 87' lang='lat' dir='ltr'><strong>and</strong></span> <span class='ocrx_word' id='word_1_264' title='bbox 1585 2297 1726 2344; x_wconf 52' lang='lat' dir='ltr'><strong>*passed</strong></span> 
     </span>
     <span class='ocr_line' id='line_1_28' title="bbox 237 2361 1726 2411; baseline 0.001 -15"><span class='ocrx_word' id='word_1_265' title='bbox 237 2371 277 2395; x_wconf 78' lang='lat' dir='ltr'><strong>as</strong></span> <span class='ocrx_word' id='word_1_266' title='bbox 296 2361 326 2397; x_wconf 86' lang='lat' dir='ltr'><strong>it</strong></span> <span class='ocrx_word' id='word_1_267' title='bbox 345 2373 441 2397; x_wconf 82' lang='lat' dir='ltr'><strong>were</strong></span> <span class='ocrx_word' id='word_1_268' title='bbox 459 2362 498 2397; x_wconf 91' lang='lat' dir='ltr'><strong>in</strong></span> <span class='ocrx_word' id='word_1_269' title='bbox 509 2362 726 2408; x_wconf 65' lang='lat' dir='ltr'><strong>,procession</strong></span> <span class='ocrx_word' id='word_1_270' title='bbox 760 2363 882 2398; x_wconf 83' lang='lat' dir='ltr'><strong>before</strong></span> <span class='ocrx_word' id='word_1_271' title='bbox 914 2363 1011 2399; x_wconf 88' lang='lat' dir='ltr'><strong>their</strong></span> <span class='ocrx_word' id='word_1_272' title='bbox 1029 2375 1126 2411; x_wconf 76' lang='lat' dir='ltr'><strong>eyes.</strong></span> <span class='ocrx_word' id='word_1_273' title='bbox 1186 2363 1257 2398; x_wconf 90' lang='lat' dir='ltr'><strong>For</strong></span> <span class='ocrx_word' id='word_1_274' title='bbox 1290 2363 1353 2398; x_wconf 85' lang='lat' dir='ltr'><strong>the</strong></span> <span class='ocrx_word' id='word_1_275' title='bbox 1381 2362 1645 2407; x_wconf 88' lang='lat' dir='ltr'><strong>construction,</strong></span> <span class='ocrx_word' id='word_1_276' title='bbox 1666 2373 1726 2398; x_wconf 81' lang='lat' dir='ltr'><strong>see</strong></span> 
     </span>
     <span class='ocr_line' id='line_1_29' title="bbox 239 2425 1722 2476; baseline 0.003 -14"><span class='ocrx_word' id='word_1_277' title='bbox 239 2425 321 2462; x_wconf 84' lang='lat' dir='ltr'><strong>Cat.</strong></span> <span class='ocrx_word' id='word_1_278' title='bbox 343 2438 423 2473; x_wconf 87' lang='lat' dir='ltr'><strong>cap.</strong></span> <span class='ocrx_word' id='word_1_279' title='bbox 446 2428 507 2472; x_wconf 81' lang='lat'><strong>32,</strong></span> <span class='ocrx_word' id='word_1_280' title='bbox 525 2432 611 2463; x_wconf 90' lang='lat' dir='ltr'><strong>note</strong></span> <span class='ocrx_word' id='word_1_281' title='bbox 634 2430 665 2473; x_wconf 90' lang='lat'><strong>1,</strong></span> <span class='ocrx_word' id='word_1_282' title='bbox 687 2439 729 2464; x_wconf 90' lang='lat' dir='ltr'><strong>or</strong></span> <span class='ocrx_word' id='word_1_283' title='bbox 747 2429 811 2464; x_wconf 89' lang='lat' dir='ltr'><strong>the</strong></span> <span class='ocrx_word' id='word_1_284' title='bbox 830 2434 916 2465; x_wconf 86' lang='lat' dir='ltr'><strong>note</strong></span> <span class='ocrx_word' id='word_1_285' title='bbox 935 2430 1129 2476; x_wconf 87' lang='lat' dir='ltr'><strong>subjoined</strong></span> <span class='ocrx_word' id='word_1_286' title='bbox 1148 2434 1186 2465; x_wconf 91' lang='lat' dir='ltr'><strong>to</strong></span> <span class='ocrx_word' id='word_1_287' title='bbox 1207 2430 1270 2465; x_wconf 89' lang='lat' dir='ltr'><strong>the</strong></span> <span class='ocrx_word' id='word_1_288' title='bbox 1293 2429 1385 2464; x_wconf 82' lang='lat' dir='ltr'><strong>lssth</strong></span> <span class='ocrx_word' id='word_1_289' title='bbox 1404 2428 1483 2464; x_wconf 89' lang='lat' dir='ltr'><strong>rule</strong></span> <span class='ocrx_word' id='word_1_290' title='bbox 1502 2428 1543 2464; x_wconf 85' lang='lat' dir='ltr'><strong>of</strong></span> <span class='ocrx_word' id='word_1_291' title='bbox 1559 2428 1722 2476; x_wconf 80' lang='lat' dir='ltr'><strong>Syntax.</strong></span> 
     </span>
     <span class='ocr_line' id='line_1_30' title="bbox 236 2491 974 2531; baseline 0.004 -4"><span class='ocrx_word' id='word_1_292' title='bbox 236 2491 274 2527; x_wconf 90' lang='lat' dir='ltr'><strong>in</strong></span> <span class='ocrx_word' id='word_1_293' title='bbox 294 2492 365 2528; x_wconf 63' lang='grc' dir='ltr'><strong>ΜΓ.</strong></span> <span class='ocrx_word' id='word_1_294' title='bbox 390 2493 633 2530; x_wconf 77' lang='lat' dir='ltr'><strong>Ruddiman‘s</strong></span> <span class='ocrx_word' id='word_1_295' title='bbox 652 2493 974 2531; x_wconf 61' lang='lat' dir='ltr'><strong>&amp;amman—M.</strong></span> 
     </span>
    </p>

    <p class='ocr_par' dir='ltr' id='par_1_5' title="bbox 236 2556 1724 2802">
     <span class='ocr_line' id='line_1_31' title="bbox 289 2556 1724 2609; baseline 0.003 -17"><span class='ocrx_word' id='word_1_296' title='bbox 289 2556 303 2576; x_wconf 81' lang='lat'><strong>⁴</strong></span> <span class='ocrx_word' id='word_1_297' title='bbox 326 2557 460 2606; x_wconf 80' lang='lat' dir='ltr'><strong>Neque</strong></span> <span class='ocrx_word' id='word_1_298' title='bbox 479 2572 545 2597; x_wconf 78' lang='lat' dir='ltr'><strong>vos</strong></span> <span class='ocrx_word' id='word_1_299' title='bbox 565 2558 814 2609; x_wconf 79' lang='lat' dir='ltr'><strong>capiamini.)</strong></span> <span class='ocrx_word' id='word_1_300' title='bbox 846 2561 978 2597; x_wconf 86' lang='lat' dir='ltr'><strong>Posses</strong></span> <span class='ocrx_word' id='word_1_301' title='bbox 1005 2560 1209 2608; x_wconf 83' lang='lat' dir='ltr'><strong>intelligere</strong></span> <span class='ocrx_word' id='word_1_302' title='bbox 1237 2560 1437 2607; x_wconf 82' lang='lat' dir='ltr'><strong>capiamini</strong></span> <span class='ocrx_word' id='word_1_303' title='bbox 1466 2571 1540 2606; x_wconf 86' lang='lat' dir='ltr'><strong>spe,</strong></span> <span class='ocrx_word' id='word_1_304' title='bbox 1564 2560 1724 2606; x_wconf 85' lang='lat' dir='ltr'><strong>decipia-</strong></span> 
     </span>
     <span class='ocr_line' id='line_1_32' title="bbox 240 2624 1723 2673; baseline 0.001 -15"><span class='ocrx_word' id='word_1_305' title='bbox 240 2624 330 2659; x_wconf 84' lang='lat' dir='ltr'><strong>mini</strong></span> <span class='ocrx_word' id='word_1_306' title='bbox 350 2624 387 2659; x_wconf 91' lang='lat' dir='ltr'><strong>in</strong></span> <span class='ocrx_word' id='word_1_307' title='bbox 420 2625 546 2661; x_wconf 80' lang='lat' dir='ltr'><strong>favore</strong></span> <span class='ocrx_word' id='word_1_308' title='bbox 565 2631 699 2671; x_wconf 86' lang='lat' dir='ltr'><strong>vestro,</strong></span> <span class='ocrx_word' id='word_1_309' title='bbox 733 2627 823 2661; x_wconf 90' lang='lat' dir='ltr'><strong>dum</strong></span> <span class='ocrx_word' id='word_1_310' title='bbox 852 2637 921 2672; x_wconf 83' lang='lat' dir='ltr'><strong>ego</strong></span> <span class='ocrx_word' id='word_1_311' title='bbox 940 2637 1015 2661; x_wconf 90' lang='lat' dir='ltr'><strong>non</strong></span> <span class='ocrx_word' id='word_1_312' title='bbox 1044 2626 1074 2661; x_wconf 86' lang='lat' dir='ltr'><strong>is</strong></span> <span class='ocrx_word' id='word_1_313' title='bbox 1104 2637 1232 2671; x_wconf 85' lang='lat' dir='ltr'><strong>essem,</strong></span> <span class='ocrx_word' id='word_1_314' title='bbox 1255 2625 1405 2673; x_wconf 86' lang='lat' dir='ltr'><strong>qualem</strong></span> <span class='ocrx_word' id='word_1_315' title='bbox 1436 2624 1592 2661; x_wconf 85' lang='lat' dir='ltr'><strong>velletis.</strong></span> <span class='ocrx_word' id='word_1_316' title='bbox 1652 2625 1723 2662; x_wconf 90' lang='lat' dir='ltr'><strong>Sed</strong></span> 
     </span>
     <span class='ocr_line' id='line_1_33' title="bbox 236 2688 1719 2735; baseline -0.001 -12"><span class='ocrx_word' id='word_1_317' title='bbox 236 2688 334 2723; x_wconf 86' lang='lat' dir='ltr'><strong>bono</strong></span> <span class='ocrx_word' id='word_1_318' title='bbox 348 2688 432 2734; x_wconf 89' lang='lat' dir='ltr'><strong>jure</strong></span> <span class='ocrx_word' id='word_1_319' title='bbox 451 2688 520 2724; x_wconf 86' lang='lat' dir='ltr'><strong>hoc</strong></span> <span class='ocrx_word' id='word_1_320' title='bbox 539 2690 748 2735; x_wconf 85' lang='lat' dir='ltr'><strong>capiamini,</strong></span> <span class='ocrx_word' id='word_1_321' title='bbox 771 2690 801 2725; x_wconf 90' lang='lat' dir='ltr'><strong>si</strong></span> <span class='ocrx_word' id='word_1_322' title='bbox 821 2689 868 2725; x_wconf 83' lang='lat' dir='ltr'><strong>ad</strong></span> <span class='ocrx_word' id='word_1_323' title='bbox 887 2689 1077 2735; x_wconf 87' lang='lat' dir='ltr'><strong>superiora</strong></span> <span class='ocrx_word' id='word_1_324' title='bbox 1095 2689 1245 2725; x_wconf 90' lang='lat' dir='ltr'><strong>oculum</strong></span> <span class='ocrx_word' id='word_1_325' title='bbox 1258 2694 1392 2734; x_wconf 83' lang='lat' dir='ltr'><strong>vertas,</strong></span> <span class='ocrx_word' id='word_1_326' title='bbox 1407 2689 1456 2724; x_wconf 90' lang='lat' dir='ltr'><strong>ad</strong></span> <span class='ocrx_word' id='word_1_327' title='bbox 1474 2688 1719 2730; x_wconf 83' lang='lat' dir='ltr'><strong>nobilitatem,</strong></span> 
     </span>
     <span class='ocr_line' id='line_1_34' title="bbox 238 2749 1720 2802; baseline 0.001 -15"><span class='ocrx_word' id='word_1_328' title='bbox 238 2763 321 2802; x_wconf 87' lang='lat' dir='ltr'><strong>quae</strong></span> <span class='ocrx_word' id='word_1_329' title='bbox 339 2749 463 2788; x_wconf 89' lang='lat' dir='ltr'><strong>locum</strong></span> <span class='ocrx_word' id='word_1_330' title='bbox 492 2753 692 2789; x_wconf 81' lang='lat' dir='ltr'><strong>invadendi</strong></span> <span class='ocrx_word' id='word_1_331' title='bbox 722 2754 922 2801; x_wconf 72' lang='lat' dir='ltr'><strong>quaerebat,</strong></span> <span class='ocrx_word' id='word_1_332' title='bbox 956 2753 1136 2791; x_wconf 85' lang='lat' dir='ltr'><strong>retuleris.</strong></span> <span class='ocrx_word' id='word_1_333' title='bbox 1198 2754 1283 2792; x_wconf 89' lang='lat' dir='ltr'><strong>Duo</strong></span> <span class='ocrx_word' id='word_1_334' title='bbox 1315 2759 1431 2799; x_wconf 80' lang='lat' dir='ltr'><strong>erant,</strong></span> <span class='ocrx_word' id='word_1_335' title='bbox 1453 2764 1537 2801; x_wconf 86' lang='lat' dir='ltr'><strong>quae</strong></span> <span class='ocrx_word' id='word_1_336' title='bbox 1557 2752 1720 2789; x_wconf 81' lang='lat' dir='ltr'><strong>Marium</strong></span> 
     </span>
    </p>
   </div>
  </div>
 </body>
</html>
