<?xml version="1.0" encoding="UTF-8"?>
<!DOCTYPE html PUBLIC "-//W3C//DTD XHTML 1.0 Transitional//EN"
    "http://www.w3.org/TR/xhtml1/DTD/xhtml1-transitional.dtd">
<html xmlns="http://www.w3.org/1999/xhtml" xml:lang="en" lang="en">
 <head>
  <title>
</title>
<meta http-equiv="Content-Type" content="text/html;charset=utf-8" />
  <meta name='ocr-system' content='tesseract 3.04.00' />
  <meta name='ocr-capabilities' content='ocr_page ocr_carea ocr_par ocr_line ocrx_word'/>
</head>
<body>
  <div class='ocr_page' id='page_1' title='image "./sallusts00salluoft_0305.png"; bbox 0 0 1889 3191; ppageno 0'>
   <div class='ocr_carea' id='block_1_1' title="bbox 534 245 1644 293">
    <p class='ocr_par' dir='ltr' id='par_1_1' title="bbox 534 245 1644 293">
     <span class='ocr_line' id='line_1_1' title="bbox 534 245 1644 293; baseline 0.008 -9"><span class='ocrx_word' id='word_1_1' title='bbox 534 245 815 286; x_wconf 83' lang='lat' dir='ltr'><strong>SALLUSTII</strong></span> <span class='ocrx_word' id='word_1_2' title='bbox 840 249 1259 289; x_wconf 79' lang='lat' dir='ltr'><strong>JUGURTHINUM.</strong></span> <span class='ocrx_word' id='word_1_3' title='bbox 1572 260 1593 293; x_wconf 82' lang='lat'>2</span> <span class='ocrx_word' id='word_1_4' title='bbox 1600 260 1620 293; x_wconf 85' lang='grc'>9</span> <span class='ocrx_word' id='word_1_5' title='bbox 1629 260 1644 293; x_wconf 90' lang='grc'>1</span> 
     </span>
    </p>
   </div>
   <div class='ocr_carea' id='block_1_2' title="bbox 153 361 1654 776">
    <p class='ocr_par' dir='ltr' id='par_1_2' title="bbox 153 361 1654 776">
     <span class='ocr_line' id='line_1_2' title="bbox 155 361 1650 432; baseline 0.009 -26"><span class='ocrx_word' id='word_1_6' title='bbox 155 366 296 424; x_wconf 86' lang='lat' dir='ltr'>atque</span> <span class='ocrx_word' id='word_1_7' title='bbox 317 361 409 409; x_wconf 91' lang='lat' dir='ltr'>iter</span> <span class='ocrx_word' id='word_1_8' title='bbox 429 361 593 418; x_wconf 82' lang='lat' dir='ltr'>facere,</span> <span class='ocrx_word' id='word_1_9' title='bbox 619 369 770 410; x_wconf 87' lang='lat' dir='ltr'>castra</span> <span class='ocrx_word' id='word_1_10' title='bbox 803 365 1002 421; x_wconf 89' lang='lat' dir='ltr'>munire,</span> <span class='ocrx_word' id='word_1_11' title='bbox 1029 367 1299 414; x_wconf 81' lang='lat' dir='ltr'><strong>excubitum</strong></span> <span class='ocrx_word' id='word_1_12' title='bbox 1334 369 1383 415; x_wconf 89' lang='lat' dir='ltr'>in</span> <span class='ocrx_word' id='word_1_13' title='bbox 1406 378 1543 432; x_wconf 89' lang='lat' dir='ltr'>porta</span> <span class='ocrx_word' id='word_1_14' title='bbox 1576 389 1650 420; x_wconf 89' lang='lat' dir='ltr'>co-</span> 
     </span>
     <span class='ocr_line' id='line_1_3' title="bbox 154 445 1652 515; baseline 0.008 -23"><span class='ocrx_word' id='word_1_15' title='bbox 154 445 316 494; x_wconf 87' lang='lat' dir='ltr'>hortes</span> <span class='ocrx_word' id='word_1_16' title='bbox 339 463 396 494; x_wconf 86' lang='lat' dir='ltr'>ex</span> <span class='ocrx_word' id='word_1_17' title='bbox 415 446 693 509; x_wconf 85' lang='lat' dir='ltr'>legionibus,</span> <span class='ocrx_word' id='word_1_18' title='bbox 717 465 804 512; x_wconf 90' lang='lat' dir='ltr'>pro</span> <span class='ocrx_word' id='word_1_19' title='bbox 838 451 1005 498; x_wconf 88' lang='lat' dir='ltr'>castris</span> <span class='ocrx_word' id='word_1_20' title='bbox 1039 452 1219 515; x_wconf 84' lang='lat' dir='ltr'>equites</span> <span class='ocrx_word' id='word_1_21' title='bbox 1242 454 1510 502; x_wconf 83' lang='lat' dir='ltr'>auxiliarios</span> <span class='ocrx_word' id='word_1_22' title='bbox 1545 459 1652 505; x_wconf 89' lang='lat' dir='ltr'>mit-</span> 
     </span>
     <span class='ocr_line' id='line_1_4' title="bbox 153 533 1649 598; baseline 0.009 -21"><span class='ocrx_word' id='word_1_23' title='bbox 153 538 269 579; x_wconf 87' lang='lat' dir='ltr'>tere.</span> <span class='ocrx_word' id='word_1_24' title='bbox 294 534 535 594; x_wconf 69' lang='lat' dir='ltr'>praeterea,</span> <span class='ocrx_word' id='word_1_25' title='bbox 559 533 675 581; x_wconf 88' lang='lat' dir='ltr'>alios</span> <span class='ocrx_word' id='word_1_26' title='bbox 699 551 839 597; x_wconf 88' lang='lat' dir='ltr'>super</span> <span class='ocrx_word' id='word_1_27' title='bbox 860 536 1034 584; x_wconf 88' lang='lat' dir='ltr'>vallum</span> <span class='ocrx_word' id='word_1_28' title='bbox 1066 538 1118 584; x_wconf 91' lang='lat' dir='ltr'>in</span> <span class='ocrx_word' id='word_1_29' title='bbox 1140 540 1450 588; x_wconf 87' lang='lat' dir='ltr'>munimentis</span> <span class='ocrx_word' id='word_1_30' title='bbox 1483 541 1649 598; x_wconf 88' lang='lat' dir='ltr'>locare,</span> 
     </span>
     <span class='ocr_line' id='line_1_5' title="bbox 154 614 1651 690; baseline 0.009 -29"><span class='ocrx_word' id='word_1_31' title='bbox 154 614 337 677; x_wconf 87' lang='lat' dir='ltr'>vigilias</span> <span class='ocrx_word' id='word_1_32' title='bbox 359 617 462 678; x_wconf 90' lang='lat' dir='ltr'>ipse</span> <span class='ocrx_word' id='word_1_33' title='bbox 501 617 759 675; x_wconf 87' lang='lat' dir='ltr'>circumire,</span> <span class='ocrx_word' id='word_1_34' title='bbox 787 636 883 667; x_wconf 91' lang='lat' dir='ltr'>non</span> <span class='ocrx_word' id='word_1_35' title='bbox 922 628 1022 668; x_wconf 88' lang='lat' dir='ltr'>tam</span> <span class='ocrx_word' id='word_1_36' title='bbox 1057 621 1320 671; x_wconf 68' lang='lat' dir='ltr'>diffidentia</span> <span class='ocrx_word' id='word_1_37' title='bbox 1352 625 1516 681; x_wconf 85' lang='lat' dir='ltr'>futuri,</span> <span class='ocrx_word' id='word_1_38' title='bbox 1545 644 1651 690; x_wconf 79' lang='lat' dir='ltr'>quae</span> 
     </span>
     <span class='ocr_line' id='line_1_6' title="bbox 153 699 1654 776; baseline 0.008 -28"><span class='ocrx_word' id='word_1_39' title='bbox 153 699 493 763; x_wconf 83' lang='lat' dir='ltr'>imperavisset,</span> <span class='ocrx_word' id='word_1_40' title='bbox 521 704 681 766; x_wconf 71' lang='lat' dir='ltr'>quam4</span> <span class='ocrx_word' id='word_1_41' title='bbox 701 705 770 752; x_wconf 82' lang='lat' dir='ltr'>uti</span> <span class='ocrx_word' id='word_1_42' title='bbox 794 706 1024 754; x_wconf 77' lang='lat' dir='ltr'><strong>militibus</strong></span> <span class='ocrx_word' id='word_1_43' title='bbox 1058 716 1330 772; x_wconf 74' lang='lat' dir='ltr'><strong>exaequatus</strong></span> <span class='ocrx_word' id='word_1_44' title='bbox 1364 727 1472 757; x_wconf 91' lang='lat' dir='ltr'>cum</span> <span class='ocrx_word' id='word_1_45' title='bbox 1506 712 1654 776; x_wconf 91' lang='lat' dir='ltr'>impe-</span> 
     </span>
    </p>
   </div>
   <div class='ocr_carea' id='block_1_3' title="bbox 155 851 1675 2833">
    <p class='ocr_par' dir='ltr' id='par_1_3' title="bbox 155 851 1659 1353">
     <span class='ocr_line' id='line_1_7' title="bbox 208 851 1654 910; baseline 0.01 -23"><span class='ocrx_word' id='word_1_46' title='bbox 208 851 224 872; x_wconf 82' lang='lat'><strong>⁴</strong></span> <span class='ocrx_word' id='word_1_47' title='bbox 245 852 338 891; x_wconf 83' lang='lat' dir='ltr'>Non</span> <span class='ocrx_word' id='word_1_48' title='bbox 365 853 578 901; x_wconf 54' lang='lat' dir='ltr'>diffidentie}</span> <span class='ocrx_word' id='word_1_49' title='bbox 588 854 732 902; x_wconf 82' lang='lat' dir='ltr'>futuri,</span> <span class='ocrx_word' id='word_1_50' title='bbox 763 869 845 904; x_wconf 81' lang='lat' dir='ltr'>quae</span> <span class='ocrx_word' id='word_1_51' title='bbox 876 858 1150 907; x_wconf 81' lang='lat' dir='ltr'><em>imperavisset,</em></span> <span class='ocrx_word' id='word_1_52' title='bbox 1181 859 1328 910; x_wconf 54' lang='lat' dir='ltr'>quam]</span> <span class='ocrx_word' id='word_1_53' title='bbox 1360 862 1578 900; x_wconf 85' lang='lat' dir='ltr'><strong>Perizonius</strong></span> <span class='ocrx_word' id='word_1_54' title='bbox 1606 866 1654 900; x_wconf 87' lang='lat' dir='ltr'>ad</span> 
     </span>
     <span class='ocr_line' id='line_1_8' title="bbox 158 916 1655 966; baseline 0.006 -12"><span class='ocrx_word' id='word_1_55' title='bbox 158 916 285 954; x_wconf 85' lang='lat' dir='ltr'>Sanct.</span> <span class='ocrx_word' id='word_1_56' title='bbox 308 917 361 952; x_wconf 92' lang='lat' dir='ltr'>II.</span> <span class='ocrx_word' id='word_1_57' title='bbox 382 916 544 954; x_wconf 86' lang='lat' dir='ltr'>Minerv.</span> <span class='ocrx_word' id='word_1_58' title='bbox 564 929 645 965; x_wconf 85' lang='lat' dir='ltr'>cap.</span> <span class='ocrx_word' id='word_1_59' title='bbox 668 920 702 965; x_wconf 87' lang='grc'>9,</span> <span class='ocrx_word' id='word_1_60' title='bbox 725 920 926 966; x_wconf 86' lang='lat' dir='ltr'>completes</span> <span class='ocrx_word' id='word_1_61' title='bbox 944 921 1022 958; x_wconf 88' lang='lat' dir='ltr'>this</span> <span class='ocrx_word' id='word_1_62' title='bbox 1041 927 1213 960; x_wconf 84' lang='lat' dir='ltr'>sentence</span> <span class='ocrx_word' id='word_1_63' title='bbox 1232 925 1321 961; x_wconf 89' lang='lat' dir='ltr'>thus</span> <span class='ocrx_word' id='word_1_64' title='bbox 1337 939 1344 961; x_wconf 93' lang='lat'>:</span> <span class='ocrx_word' id='word_1_65' title='bbox 1375 925 1463 962; x_wconf 76' lang='lat' dir='ltr'>Non</span> <span class='ocrx_word' id='word_1_66' title='bbox 1481 931 1562 963; x_wconf 89' lang='lat' dir='ltr'>tam</span> <span class='ocrx_word' id='word_1_67' title='bbox 1582 927 1655 963; x_wconf 86' lang='lat' dir='ltr'>dif-</span> 
     </span>
     <span class='ocr_line' id='line_1_9' title="bbox 155 977 1654 1032; baseline 0.008 -17"><span class='ocrx_word' id='word_1_68' title='bbox 155 977 312 1016; x_wconf 66' lang='lat' dir='ltr'>fidentia</span> <span class='ocrx_word' id='word_1_69' title='bbox 342 979 460 1016; x_wconf 81' lang='lat' dir='ltr'>futuri</span> <span class='ocrx_word' id='word_1_70' title='bbox 487 981 631 1028; x_wconf 88' lang='lat' dir='ltr'>negotii</span> <span class='ocrx_word' id='word_1_71' title='bbox 661 993 801 1030; x_wconf 86' lang='lat' dir='ltr'>eorum,</span> <span class='ocrx_word' id='word_1_72' title='bbox 836 995 920 1031; x_wconf 87' lang='lat' dir='ltr'>quae</span> <span class='ocrx_word' id='word_1_73' title='bbox 947 985 1230 1032; x_wconf 82' lang='lat' dir='ltr'>imperavisset3</span> <span class='ocrx_word' id='word_1_74' title='bbox 1261 988 1336 1024; x_wconf 89' lang='lat' dir='ltr'>and</span> <span class='ocrx_word' id='word_1_75' title='bbox 1365 987 1516 1026; x_wconf 88' lang='lat' dir='ltr'>Cortius</span> <span class='ocrx_word' id='word_1_76' title='bbox 1543 990 1654 1027; x_wconf 84' lang='lat' dir='ltr'>thus:</span> 
     </span>
     <span class='ocr_line' id='line_1_10' title="bbox 158 1043 1659 1098; baseline 0.007 -16"><span class='ocrx_word' id='word_1_77' title='bbox 158 1045 248 1082; x_wconf 85' lang='lat' dir='ltr'>Non</span> <span class='ocrx_word' id='word_1_78' title='bbox 264 1049 347 1083; x_wconf 86' lang='lat' dir='ltr'>tam</span> <span class='ocrx_word' id='word_1_79' title='bbox 365 1043 572 1083; x_wconf 65' lang='lat' dir='ltr'>diffidentia</span> <span class='ocrx_word' id='word_1_80' title='bbox 589 1046 710 1084; x_wconf 86' lang='lat' dir='ltr'>futuri</span> <span class='ocrx_word' id='word_1_81' title='bbox 727 1049 809 1096; x_wconf 82' lang='lat' dir='ltr'>ejus</span> <span class='ocrx_word' id='word_1_82' title='bbox 828 1049 949 1086; x_wconf 91' lang='lat' dir='ltr'>omnis</span> <span class='ocrx_word' id='word_1_83' title='bbox 967 1062 1052 1098; x_wconf 85' lang='lat' dir='ltr'>quae</span> <span class='ocrx_word' id='word_1_84' title='bbox 1078 1051 1350 1098; x_wconf 85' lang='lat' dir='ltr'>imperavisset.</span> <span class='ocrx_word' id='word_1_85' title='bbox 1407 1053 1498 1090; x_wconf 91' lang='lat' dir='ltr'>And</span> <span class='ocrx_word' id='word_1_86' title='bbox 1524 1054 1565 1091; x_wconf 91' lang='lat' dir='ltr'>in</span> <span class='ocrx_word' id='word_1_87' title='bbox 1583 1056 1659 1092; x_wconf 83' lang='lat' dir='ltr'>this</span> 
     </span>
     <span class='ocr_line' id='line_1_11' title="bbox 155 1110 1656 1164; baseline 0.005 -17"><span class='ocrx_word' id='word_1_88' title='bbox 155 1122 242 1148; x_wconf 88' lang='lat' dir='ltr'>case</span> <span class='ocrx_word' id='word_1_89' title='bbox 260 1121 346 1158; x_wconf 87' lang='lat' dir='ltr'>quae</span> <span class='ocrx_word' id='word_1_90' title='bbox 362 1111 395 1146; x_wconf 90' lang='lat' dir='ltr'>is</span> <span class='ocrx_word' id='word_1_91' title='bbox 414 1115 483 1157; x_wconf 89' lang='lat' dir='ltr'>put</span> <span class='ocrx_word' id='word_1_92' title='bbox 501 1110 635 1157; x_wconf 78' lang='lat' dir='ltr'>plural,</span> <span class='ocrx_word' id='word_1_93' title='bbox 655 1112 814 1149; x_wconf 81' lang='lat' dir='ltr'>because</span> <span class='ocrx_word' id='word_1_94' title='bbox 840 1113 882 1149; x_wconf 87' lang='lat' dir='ltr'>of</span> <span class='ocrx_word' id='word_1_95' title='bbox 895 1114 959 1150; x_wconf 82' lang='lat' dir='ltr'>the</span> <span class='ocrx_word' id='word_1_96' title='bbox 977 1115 1155 1161; x_wconf 79' lang='lat' dir='ltr'>partitive</span> <span class='ocrx_word' id='word_1_97' title='bbox 1184 1116 1436 1164; x_wconf 89' lang='lat' dir='ltr'>signification</span> <span class='ocrx_word' id='word_1_98' title='bbox 1463 1118 1505 1154; x_wconf 88' lang='lat' dir='ltr'>of</span> <span class='ocrx_word' id='word_1_99' title='bbox 1517 1119 1567 1155; x_wconf 87' lang='lat' dir='ltr'>its</span> <span class='ocrx_word' id='word_1_100' title='bbox 1587 1131 1656 1156; x_wconf 88' lang='lat' dir='ltr'>an-</span> 
     </span>
     <span class='ocr_line' id='line_1_12' title="bbox 155 1175 1654 1229; baseline 0.005 -17"><span class='ocrx_word' id='word_1_101' title='bbox 155 1175 328 1212; x_wconf 84' lang='lat' dir='ltr'>tecedent</span> <span class='ocrx_word' id='word_1_102' title='bbox 345 1175 426 1222; x_wconf 90' lang='lat' dir='ltr'>ejus</span> <span class='ocrx_word' id='word_1_103' title='bbox 444 1175 577 1211; x_wconf 84' lang='lat' dir='ltr'>omnis.</span> <span class='ocrx_word' id='word_1_104' title='bbox 636 1175 893 1213; x_wconf 87' lang='lat' dir='ltr'>N.B.—Tam</span> <span class='ocrx_word' id='word_1_105' title='bbox 920 1177 1017 1214; x_wconf 87' lang='lat' dir='ltr'>after</span> <span class='ocrx_word' id='word_1_106' title='bbox 1034 1189 1110 1214; x_wconf 89' lang='lat' dir='ltr'>non</span> <span class='ocrx_word' id='word_1_107' title='bbox 1138 1180 1169 1215; x_wconf 91' lang='lat' dir='ltr'>is</span> <span class='ocrx_word' id='word_1_108' title='bbox 1186 1180 1403 1229; x_wconf 83' lang='lat' dir='ltr'>frequently</span> <span class='ocrx_word' id='word_1_109' title='bbox 1422 1186 1654 1229; x_wconf 85' lang='lat' dir='ltr'>suppressed,</span> 
     </span>
     <span class='ocr_line' id='line_1_13' title="bbox 156 1236 1659 1294; baseline 0.006 -19"><span class='ocrx_word' id='word_1_110' title='bbox 156 1239 499 1287; x_wconf 78' lang='lat' dir='ltr'>notwithstanding</span> <span class='ocrx_word' id='word_1_111' title='bbox 517 1236 632 1286; x_wconf 65' lang='lat' dir='ltr'>quam</span> <span class='ocrx_word' id='word_1_112' title='bbox 648 1239 805 1276; x_wconf 82' lang='lat' dir='ltr'>follows.</span> <span class='ocrx_word' id='word_1_113' title='bbox 863 1240 946 1277; x_wconf 89' lang='lat' dir='ltr'>Liv.</span> <span class='ocrx_word' id='word_1_114' title='bbox 967 1243 1030 1288; x_wconf 84' lang='lat'>26,</span> <span class='ocrx_word' id='word_1_115' title='bbox 1052 1253 1132 1289; x_wconf 87' lang='lat' dir='ltr'>cap.</span> <span class='ocrx_word' id='word_1_116' title='bbox 1152 1244 1213 1289; x_wconf 83' lang='lat'>31,</span> <span class='ocrx_word' id='word_1_117' title='bbox 1233 1243 1307 1281; x_wconf 85' lang='lat' dir='ltr'>Sed</span> <span class='ocrx_word' id='word_1_118' title='bbox 1323 1255 1400 1280; x_wconf 92' lang='lat' dir='ltr'>non</span> <span class='ocrx_word' id='word_1_119' title='bbox 1415 1246 1505 1292; x_wconf 90' lang='lat' dir='ltr'>quid</span> <span class='ocrx_word' id='word_1_120' title='bbox 1524 1258 1593 1294; x_wconf 86' lang='lat' dir='ltr'>ego</span> <span class='ocrx_word' id='word_1_121' title='bbox 1605 1248 1659 1284; x_wconf 90' lang='lat' dir='ltr'>fe-</span> 
     </span>
     <span class='ocr_line' id='line_1_14' title="bbox 157 1301 1550 1353; baseline 0.006 -15"><span class='ocrx_word' id='word_1_122' title='bbox 157 1303 280 1349; x_wconf 82' lang='lat' dir='ltr'>cerim,</span> <span class='ocrx_word' id='word_1_123' title='bbox 301 1302 342 1338; x_wconf 91' lang='lat' dir='ltr'>in</span> <span class='ocrx_word' id='word_1_124' title='bbox 360 1302 658 1350; x_wconf 82' lang='lat' dir='ltr'>disquisitionem</span> <span class='ocrx_word' id='word_1_125' title='bbox 675 1303 791 1350; x_wconf 85' lang='lat' dir='ltr'>venit,</span> <span class='ocrx_word' id='word_1_126' title='bbox 808 1301 924 1351; x_wconf 72' lang='lat' dir='ltr'>quam</span> <span class='ocrx_word' id='word_1_127' title='bbox 943 1304 1035 1352; x_wconf 91' lang='lat' dir='ltr'>quid</span> <span class='ocrx_word' id='word_1_128' title='bbox 1051 1305 1115 1342; x_wconf 89' lang='lat' dir='ltr'>isti</span> <span class='ocrx_word' id='word_1_129' title='bbox 1133 1306 1214 1353; x_wconf 86' lang='lat' dir='ltr'>pati</span> <span class='ocrx_word' id='word_1_130' title='bbox 1231 1307 1550 1346; x_wconf 85' lang='lat' dir='ltr'>debuerint.—-M.</span> 
     </span>
    </p>

    <p class='ocr_par' dir='ltr' id='par_1_4' title="bbox 159 1363 1675 2833">
     <span class='ocr_line' id='line_1_15' title="bbox 216 1363 1660 1421; baseline 0.007 -20"><span class='ocrx_word' id='word_1_131' title='bbox 216 1364 310 1402; x_wconf 85' lang='lat' dir='ltr'>Non</span> <span class='ocrx_word' id='word_1_132' title='bbox 328 1371 409 1402; x_wconf 78' lang='lat' dir='ltr'>tam</span> <span class='ocrx_word' id='word_1_133' title='bbox 436 1363 650 1412; x_wconf 61' lang='lat' dir='ltr'>dzjffidentid</span> <span class='ocrx_word' id='word_1_134' title='bbox 660 1365 806 1413; x_wconf 76' lang='lat' dir='ltr'>futuri,</span> <span class='ocrx_word' id='word_1_135' title='bbox 828 1378 909 1414; x_wconf 83' lang='lat' dir='ltr'>quae</span> <span class='ocrx_word' id='word_1_136' title='bbox 936 1367 1210 1415; x_wconf 76' lang='lat' dir='ltr'>imperavisset,</span> <span class='ocrx_word' id='word_1_137' title='bbox 1233 1368 1355 1417; x_wconf 71' lang='lat' dir='ltr'>qudm,</span> <span class='ocrx_word' id='word_1_138' title='bbox 1390 1370 1477 1421; x_wconf 85' lang='lat' dir='ltr'>&amp;c.]</span> <span class='ocrx_word' id='word_1_139' title='bbox 1509 1373 1602 1410; x_wconf 78' lang='lat' dir='ltr'>This</span> <span class='ocrx_word' id='word_1_140' title='bbox 1628 1374 1660 1412; x_wconf 85' lang='lat' dir='ltr'>is</span> 
     </span>
     <span class='ocr_line' id='line_1_16' title="bbox 159 1430 1660 1480; baseline 0.005 -13"><span class='ocrx_word' id='word_1_141' title='bbox 159 1442 230 1468; x_wconf 90' lang='lat' dir='ltr'>one</span> <span class='ocrx_word' id='word_1_142' title='bbox 248 1430 289 1467; x_wconf 84' lang='lat' dir='ltr'>of</span> <span class='ocrx_word' id='word_1_143' title='bbox 302 1430 368 1467; x_wconf 83' lang='lat' dir='ltr'>the</span> <span class='ocrx_word' id='word_1_144' title='bbox 385 1434 486 1466; x_wconf 88' lang='lat' dir='ltr'>most</span> <span class='ocrx_word' id='word_1_145' title='bbox 512 1430 792 1478; x_wconf 83' lang='lat' dir='ltr'>embarrassing</span> <span class='ocrx_word' id='word_1_146' title='bbox 816 1434 1008 1468; x_wconf 84' lang='lat' dir='ltr'>sentences</span> <span class='ocrx_word' id='word_1_147' title='bbox 1038 1432 1079 1468; x_wconf 92' lang='lat' dir='ltr'>in</span> <span class='ocrx_word' id='word_1_148' title='bbox 1105 1443 1173 1480; x_wconf 84' lang='lat' dir='ltr'>my</span> <span class='ocrx_word' id='word_1_149' title='bbox 1191 1432 1352 1470; x_wconf 83' lang='lat' dir='ltr'>Author.</span> <span class='ocrx_word' id='word_1_150' title='bbox 1412 1435 1562 1473; x_wconf 88' lang='lat' dir='ltr'>Cortius</span> <span class='ocrx_word' id='word_1_151' title='bbox 1589 1438 1660 1474; x_wconf 84' lang='lat' dir='ltr'>has</span> 
     </span>
     <span class='ocr_line' id='line_1_17' title="bbox 159 1494 1663 1544; baseline 0.003 -11"><span class='ocrx_word' id='word_1_152' title='bbox 159 1496 279 1544; x_wconf 84' lang='lat' dir='ltr'>badly</span> <span class='ocrx_word' id='word_1_153' title='bbox 297 1496 454 1533; x_wconf 83' lang='lat' dir='ltr'>omitted</span> <span class='ocrx_word' id='word_1_154' title='bbox 480 1501 561 1532; x_wconf 80' lang='lat' dir='ltr'>tam</span> <span class='ocrx_word' id='word_1_155' title='bbox 588 1495 712 1532; x_wconf 87' lang='lat' dir='ltr'>before</span> <span class='ocrx_word' id='word_1_156' title='bbox 739 1494 965 1543; x_wconf 52' lang='lat' dir='ltr'>diffidentia,</span> <span class='ocrx_word' id='word_1_157' title='bbox 995 1497 1123 1534; x_wconf 86' lang='lat' dir='ltr'>unless</span> <span class='ocrx_word' id='word_1_158' title='bbox 1151 1497 1172 1534; x_wconf 93' lang='lat' dir='ltr'>I</span> <span class='ocrx_word' id='word_1_159' title='bbox 1189 1498 1363 1535; x_wconf 86' lang='lat' dir='ltr'>mistake.</span> <span class='ocrx_word' id='word_1_160' title='bbox 1422 1500 1593 1537; x_wconf 88' lang='lat' dir='ltr'>Perizon.</span> <span class='ocrx_word' id='word_1_161' title='bbox 1614 1513 1663 1537; x_wconf 89' lang='lat' dir='ltr'>on</span> 
     </span>
     <span class='ocr_line' id='line_1_18' title="bbox 162 1557 1658 1609; baseline 0.003 -12"><span class='ocrx_word' id='word_1_162' title='bbox 162 1559 292 1600; x_wconf 80' lang='lat' dir='ltr'>Sanct.</span> <span class='ocrx_word' id='word_1_163' title='bbox 312 1559 475 1597; x_wconf 81' lang='lat' dir='ltr'>Minerv.</span> <span class='ocrx_word' id='word_1_164' title='bbox 498 1557 625 1608; x_wconf 88' lang='lat' dir='ltr'>(place</span> <span class='ocrx_word' id='word_1_165' title='bbox 651 1560 790 1606; x_wconf 87' lang='lat' dir='ltr'>quoted</span> <span class='ocrx_word' id='word_1_166' title='bbox 816 1560 870 1607; x_wconf 89' lang='lat' dir='ltr'>by</span> <span class='ocrx_word' id='word_1_167' title='bbox 887 1559 999 1605; x_wconf 68' lang='lat' dir='ltr'>Man,</span> <span class='ocrx_word' id='word_1_168' title='bbox 1020 1571 1055 1606; x_wconf 91' lang='lat' dir='ltr'>p.</span> <span class='ocrx_word' id='word_1_169' title='bbox 1079 1558 1192 1609; x_wconf 82' lang='lat'>205),</span> <span class='ocrx_word' id='word_1_170' title='bbox 1214 1562 1323 1598; x_wconf 79' lang='lat' dir='ltr'>reads</span> <span class='ocrx_word' id='word_1_171' title='bbox 1351 1574 1393 1599; x_wconf 90' lang='lat' dir='ltr'>as</span> <span class='ocrx_word' id='word_1_172' title='bbox 1411 1563 1452 1598; x_wconf 93' lang='lat' dir='ltr'>in</span> <span class='ocrx_word' id='word_1_173' title='bbox 1478 1564 1543 1600; x_wconf 87' lang='lat' dir='ltr'>the</span> <span class='ocrx_word' id='word_1_174' title='bbox 1562 1569 1658 1609; x_wconf 73' lang='lat' dir='ltr'>text,</span> 
     </span>
     <span class='ocr_line' id='line_1_19' title="bbox 163 1621 1665 1670; baseline 0.003 -11"><span class='ocrx_word' id='word_1_175' title='bbox 163 1624 240 1659; x_wconf 91' lang='lat' dir='ltr'>and</span> <span class='ocrx_word' id='word_1_176' title='bbox 257 1633 357 1670; x_wconf 91' lang='lat' dir='ltr'>says,</span> <span class='ocrx_word' id='word_1_177' title='bbox 380 1621 459 1666; x_wconf 83' lang='lat' dir='ltr'>Qui</span> <span class='ocrx_word' id='word_1_178' title='bbox 472 1621 576 1658; x_wconf 88' lang='lat' dir='ltr'>locus</span> <span class='ocrx_word' id='word_1_179' title='bbox 593 1633 789 1668; x_wconf 83' lang='lat' dir='ltr'>perperam</span> <span class='ocrx_word' id='word_1_180' title='bbox 815 1622 936 1659; x_wconf 87' lang='lat' dir='ltr'>tribus</span> <span class='ocrx_word' id='word_1_181' title='bbox 955 1623 1110 1660; x_wconf 89' lang='lat' dir='ltr'>diversis</span> <span class='ocrx_word' id='word_1_182' title='bbox 1137 1624 1439 1661; x_wconf 87' lang='lat' dir='ltr'>doctissimorum</span> <span class='ocrx_word' id='word_1_183' title='bbox 1466 1626 1665 1663; x_wconf 90' lang='lat' dir='ltr'>hominum</span> 
     </span>
     <span class='ocr_line' id='line_1_20' title="bbox 162 1685 1665 1737; baseline 0.002 -14"><span class='ocrx_word' id='word_1_184' title='bbox 162 1687 263 1723; x_wconf 90' lang='lat' dir='ltr'>notis</span> <span class='ocrx_word' id='word_1_185' title='bbox 281 1691 319 1723; x_wconf 84' lang='lat' dir='ltr'>et</span> <span class='ocrx_word' id='word_1_186' title='bbox 337 1686 561 1733; x_wconf 84' lang='lat' dir='ltr'>conjecturis</span> <span class='ocrx_word' id='word_1_187' title='bbox 578 1685 811 1722; x_wconf 83' lang='lat' dir='ltr'>sollicitatur.</span> <span class='ocrx_word' id='word_1_188' title='bbox 866 1685 1051 1733; x_wconf 91' lang='lat' dir='ltr'>Ellipseos</span> <span class='ocrx_word' id='word_1_189' title='bbox 1068 1687 1165 1723; x_wconf 87' lang='lat' dir='ltr'>ratio</span> <span class='ocrx_word' id='word_1_190' title='bbox 1183 1688 1313 1724; x_wconf 88' lang='lat' dir='ltr'>eadem</span> <span class='ocrx_word' id='word_1_191' title='bbox 1342 1693 1408 1735; x_wconf 87' lang='lat' dir='ltr'>est,</span> <span class='ocrx_word' id='word_1_192' title='bbox 1430 1701 1513 1737; x_wconf 87' lang='lat' dir='ltr'>quae</span> <span class='ocrx_word' id='word_1_193' title='bbox 1532 1690 1572 1725; x_wconf 88' lang='lat' dir='ltr'>in</span> <span class='ocrx_word' id='word_1_194' title='bbox 1590 1690 1665 1726; x_wconf 82' lang='lat' dir='ltr'>illis</span> 
     </span>
     <span class='ocr_line' id='line_1_21' title="bbox 162 1749 1665 1799; baseline 0.003 -12"><span class='ocrx_word' id='word_1_195' title='bbox 162 1750 424 1796; x_wconf 54' lang='lat' dir='ltr'>locutionibus</span> <span class='ocrx_word' id='word_1_196' title='bbox 459 1755 606 1797; x_wconf 79' lang='lat' dir='ltr'>tempus</span> <span class='ocrx_word' id='word_1_197' title='bbox 636 1755 692 1785; x_wconf 77' lang='lat' dir='ltr'>est</span> <span class='ocrx_word' id='word_1_198' title='bbox 724 1749 873 1797; x_wconf 78' lang='lat' dir='ltr'>leyendz&#39;</span> <span class='ocrx_word' id='word_1_199' title='bbox 903 1749 1097 1786; x_wconf 84' lang='lat' dir='ltr'>librorum.</span> <span class='ocrx_word' id='word_1_200' title='bbox 1168 1751 1306 1788; x_wconf 77' lang='lat' dir='ltr'>Daniel</span> <span class='ocrx_word' id='word_1_201' title='bbox 1323 1752 1508 1799; x_wconf 87' lang='lat' dir='ltr'>Vechner,</span> <span class='ocrx_word' id='word_1_202' title='bbox 1539 1754 1578 1789; x_wconf 91' lang='lat' dir='ltr'>in</span> <span class='ocrx_word' id='word_1_203' title='bbox 1605 1755 1665 1791; x_wconf 81' lang='lat' dir='ltr'>his</span> 
     </span>
     <span class='ocr_line' id='line_1_22' title="bbox 165 1812 1665 1861; baseline 0.001 -10"><span class='ocrx_word' id='word_1_204' title='bbox 165 1813 442 1859; x_wconf 84' lang='lat' dir='ltr'>Hellenolexia,</span> <span class='ocrx_word' id='word_1_205' title='bbox 463 1823 498 1859; x_wconf 90' lang='lat' dir='ltr'>p.</span> <span class='ocrx_word' id='word_1_206' title='bbox 523 1813 612 1858; x_wconf 81' lang='lat'>345,</span> <span class='ocrx_word' id='word_1_207' title='bbox 632 1813 741 1849; x_wconf 89' lang='lat' dir='ltr'>reads</span> <span class='ocrx_word' id='word_1_208' title='bbox 750 1813 905 1861; x_wconf 78' lang='lat' dir='ltr'>futura,</span> <span class='ocrx_word' id='word_1_209' title='bbox 926 1812 1053 1849; x_wconf 83' lang='lat' dir='ltr'>which</span> <span class='ocrx_word' id='word_1_210' title='bbox 1071 1813 1203 1850; x_wconf 84' lang='lat' dir='ltr'>makes</span> <span class='ocrx_word' id='word_1_211' title='bbox 1221 1815 1318 1861; x_wconf 87' lang='lat' dir='ltr'>good</span> <span class='ocrx_word' id='word_1_212' title='bbox 1338 1826 1454 1861; x_wconf 87' lang='lat' dir='ltr'>sense,</span> <span class='ocrx_word' id='word_1_213' title='bbox 1475 1815 1565 1853; x_wconf 80' lang='lat' dir='ltr'>Non</span> <span class='ocrx_word' id='word_1_214' title='bbox 1583 1823 1665 1853; x_wconf 86' lang='lat' dir='ltr'>tam</span> 
     </span>
     <span class='ocr_line' id='line_1_23' title="bbox 164 1876 1667 1928; baseline 0.002 -13"><span class='ocrx_word' id='word_1_215' title='bbox 164 1876 384 1924; x_wconf 65' lang='lat' dir='ltr'>diffidentia,</span> <span class='ocrx_word' id='word_1_216' title='bbox 395 1879 551 1927; x_wconf 83' lang='lat' dir='ltr'>futura,</span> <span class='ocrx_word' id='word_1_217' title='bbox 572 1889 666 1925; x_wconf 82' lang='lat' dir='ltr'>quae,</span> <span class='ocrx_word' id='word_1_218' title='bbox 690 1878 753 1914; x_wconf 70' lang='lat' dir='ltr'>Sec.</span> <span class='ocrx_word' id='word_1_219' title='bbox 812 1877 985 1914; x_wconf 84' lang='lat' dir='ltr'>Kritzius</span> <span class='ocrx_word' id='word_1_220' title='bbox 1015 1879 1087 1916; x_wconf 88' lang='lat' dir='ltr'>has</span> <span class='ocrx_word' id='word_1_221' title='bbox 1116 1891 1139 1915; x_wconf 91' lang='lat' dir='ltr'>a</span> <span class='ocrx_word' id='word_1_222' title='bbox 1165 1891 1261 1928; x_wconf 82' lang='lat' dir='ltr'>very</span> <span class='ocrx_word' id='word_1_223' title='bbox 1287 1879 1379 1928; x_wconf 88' lang='lat' dir='ltr'>long</span> <span class='ocrx_word' id='word_1_224' title='bbox 1409 1885 1498 1918; x_wconf 87' lang='lat' dir='ltr'>note</span> <span class='ocrx_word' id='word_1_225' title='bbox 1525 1893 1574 1918; x_wconf 91' lang='lat' dir='ltr'>on</span> <span class='ocrx_word' id='word_1_226' title='bbox 1602 1883 1667 1918; x_wconf 80' lang='lat' dir='ltr'>the</span> 
     </span>
     <span class='ocr_line' id='line_1_24' title="bbox 164 1942 1666 1996; baseline 0.001 -15"><span class='ocrx_word' id='word_1_227' title='bbox 164 1955 334 1992; x_wconf 77' lang='lat' dir='ltr'>passage,</span> <span class='ocrx_word' id='word_1_228' title='bbox 354 1943 532 1980; x_wconf 82' lang='lat' dir='ltr'>inwhich</span> <span class='ocrx_word' id='word_1_229' title='bbox 549 1943 598 1979; x_wconf 93' lang='lat' dir='ltr'>he</span> <span class='ocrx_word' id='word_1_230' title='bbox 617 1953 705 1990; x_wconf 88' lang='lat' dir='ltr'>says</span> <span class='ocrx_word' id='word_1_231' title='bbox 722 1943 809 1979; x_wconf 89' lang='lat' dir='ltr'>that</span> <span class='ocrx_word' id='word_1_232' title='bbox 822 1942 983 1979; x_wconf 87' lang='lat' dir='ltr'>Mueller</span> <span class='ocrx_word' id='word_1_233' title='bbox 1000 1943 1077 1979; x_wconf 89' lang='lat' dir='ltr'>and</span> <span class='ocrx_word' id='word_1_234' title='bbox 1088 1943 1232 1982; x_wconf 89' lang='lat' dir='ltr'>Weisse</span> <span class='ocrx_word' id='word_1_235' title='bbox 1251 1945 1341 1982; x_wconf 85' lang='lat' dir='ltr'>read</span> <span class='ocrx_word' id='word_1_236' title='bbox 1349 1946 1493 1993; x_wconf 64' lang='lat' dir='ltr'>fiztura</span> <span class='ocrx_word' id='word_1_237' title='bbox 1515 1944 1578 1996; x_wconf 82' lang='lat' dir='ltr'>(as</span> <span class='ocrx_word' id='word_1_238' title='bbox 1589 1959 1666 1994; x_wconf 89' lang='lat' dir='ltr'>you</span> 
     </span>
     <span class='ocr_line' id='line_1_25' title="bbox 165 2005 1667 2059; baseline 0.001 -13"><span class='ocrx_word' id='word_1_239' title='bbox 165 2021 226 2047; x_wconf 88' lang='lat' dir='ltr'>see</span> <span class='ocrx_word' id='word_1_240' title='bbox 243 2009 418 2045; x_wconf 87' lang='lat' dir='ltr'>Vechner</span> <span class='ocrx_word' id='word_1_241' title='bbox 436 2005 558 2056; x_wconf 85' lang='lat' dir='ltr'>does),</span> <span class='ocrx_word' id='word_1_242' title='bbox 579 2008 706 2044; x_wconf 81' lang='lat' dir='ltr'>which</span> <span class='ocrx_word' id='word_1_243' title='bbox 723 2007 850 2044; x_wconf 81' lang='lat' dir='ltr'>would</span> <span class='ocrx_word' id='word_1_244' title='bbox 866 2008 980 2045; x_wconf 87' lang='lat' dir='ltr'>make</span> <span class='ocrx_word' id='word_1_245' title='bbox 998 2008 1050 2045; x_wconf 88' lang='lat' dir='ltr'>all</span> <span class='ocrx_word' id='word_1_246' title='bbox 1068 2020 1180 2058; x_wconf 87' lang='lat' dir='ltr'>easy;</span> <span class='ocrx_word' id='word_1_247' title='bbox 1209 2014 1285 2058; x_wconf 83' lang='lat' dir='ltr'>yet,</span> <span class='ocrx_word' id='word_1_248' title='bbox 1307 2021 1396 2059; x_wconf 87' lang='lat' dir='ltr'>says</span> <span class='ocrx_word' id='word_1_249' title='bbox 1413 2011 1472 2057; x_wconf 92' lang='lat' dir='ltr'>he,</span> <span class='ocrx_word' id='word_1_250' title='bbox 1495 2012 1594 2056; x_wconf 85' lang='lat' dir='ltr'>Quia</span> <span class='ocrx_word' id='word_1_251' title='bbox 1611 2011 1667 2047; x_wconf 84' lang='lat' dir='ltr'>ita</span> 
     </span>
     <span class='ocr_line' id='line_1_26' title="bbox 164 2073 1667 2122; baseline 0.001 -10"><span class='ocrx_word' id='word_1_252' title='bbox 164 2074 335 2112; x_wconf 86' lang='lat' dir='ltr'>lectionis</span> <span class='ocrx_word' id='word_1_253' title='bbox 352 2085 495 2121; x_wconf 84' lang='lat' dir='ltr'>magua</span> <span class='ocrx_word' id='word_1_254' title='bbox 511 2073 674 2110; x_wconf 83' lang='lat' dir='ltr'>varietas</span> <span class='ocrx_word' id='word_1_255' title='bbox 705 2073 810 2110; x_wconf 89' lang='lat' dir='ltr'>nullo</span> <span class='ocrx_word' id='word_1_256' title='bbox 838 2074 950 2110; x_wconf 87' lang='lat' dir='ltr'>modo</span> <span class='ocrx_word' id='word_1_257' title='bbox 976 2078 1101 2121; x_wconf 87' lang='lat' dir='ltr'>potest</span> <span class='ocrx_word' id='word_1_258' title='bbox 1129 2075 1324 2122; x_wconf 79' lang='lat' dir='ltr'>explicari,</span> <span class='ocrx_word' id='word_1_259' title='bbox 1344 2076 1565 2114; x_wconf 87' lang='lat' dir='ltr'>insolentius</span> <span class='ocrx_word' id='word_1_260' title='bbox 1598 2077 1667 2114; x_wconf 87' lang='lat' dir='ltr'>ali-</span> 
     </span>
     <span class='ocr_line' id='line_1_27' title="bbox 168 2138 1668 2189; baseline -0.001 -12"><span class='ocrx_word' id='word_1_261' title='bbox 168 2140 260 2187; x_wconf 87' lang='lat' dir='ltr'>quid</span> <span class='ocrx_word' id='word_1_262' title='bbox 279 2151 302 2176; x_wconf 92' lang='lat' dir='ltr'>a</span> <span class='ocrx_word' id='word_1_263' title='bbox 322 2138 501 2176; x_wconf 84' lang='lat' dir='ltr'>Sallustio</span> <span class='ocrx_word' id='word_1_264' title='bbox 519 2138 702 2184; x_wconf 88' lang='lat' dir='ltr'>scriptum</span> <span class='ocrx_word' id='word_1_265' title='bbox 728 2149 807 2174; x_wconf 85' lang='lat' dir='ltr'>esse</span> <span class='ocrx_word' id='word_1_266' title='bbox 826 2142 993 2185; x_wconf 85' lang='lat' dir='ltr'>apparet.</span> <span class='ocrx_word' id='word_1_267' title='bbox 1052 2139 1113 2175; x_wconf 90' lang='lat' dir='ltr'>He</span> <span class='ocrx_word' id='word_1_268' title='bbox 1140 2141 1248 2176; x_wconf 83' lang='lat' dir='ltr'>reads</span> <span class='ocrx_word' id='word_1_269' title='bbox 1268 2146 1347 2176; x_wconf 78' lang='lat' dir='ltr'>tam</span> <span class='ocrx_word' id='word_1_270' title='bbox 1375 2141 1585 2179; x_wconf 70' lang='lat' dir='ltr'>diffidentia</span> <span class='ocrx_word' id='word_1_271' title='bbox 1594 2143 1668 2189; x_wconf 79' lang='lat' dir='ltr'>fu-</span> 
     </span>
     <span class='ocr_line' id='line_1_28' title="bbox 169 2202 1669 2252; baseline 0.001 -11"><span class='ocrx_word' id='word_1_272' title='bbox 169 2210 307 2250; x_wconf 80' lang='lat' dir='ltr'>tarum,</span> <span class='ocrx_word' id='word_1_273' title='bbox 341 2216 436 2252; x_wconf 88' lang='lat' dir='ltr'>quae,</span> <span class='ocrx_word' id='word_1_274' title='bbox 469 2203 563 2249; x_wconf 79' lang='lat' dir='ltr'>&amp;c.;</span> <span class='ocrx_word' id='word_1_275' title='bbox 593 2203 668 2239; x_wconf 87' lang='lat' dir='ltr'>and</span> <span class='ocrx_word' id='word_1_276' title='bbox 699 2214 834 2249; x_wconf 84' lang='lat' dir='ltr'>proves</span> <span class='ocrx_word' id='word_1_277' title='bbox 863 2203 962 2239; x_wconf 84' lang='lat' dir='ltr'>from</span> <span class='ocrx_word' id='word_1_278' title='bbox 980 2202 1027 2239; x_wconf 84' lang='lat' dir='ltr'>A.</span> <span class='ocrx_word' id='word_1_279' title='bbox 1051 2203 1146 2240; x_wconf 88' lang='lat' dir='ltr'>Gell.</span> <span class='ocrx_word' id='word_1_280' title='bbox 1166 2203 1230 2240; x_wconf 91' lang='lat' dir='ltr'>lib.</span> <span class='ocrx_word' id='word_1_281' title='bbox 1269 2206 1302 2249; x_wconf 87' lang='lat'>1,</span> <span class='ocrx_word' id='word_1_282' title='bbox 1341 2207 1374 2250; x_wconf 88' lang='grc'>7,</span> <span class='ocrx_word' id='word_1_283' title='bbox 1405 2206 1491 2242; x_wconf 87' lang='lat' dir='ltr'>that</span> <span class='ocrx_word' id='word_1_284' title='bbox 1519 2207 1669 2243; x_wconf 85' lang='lat' dir='ltr'>ancient</span> 
     </span>
     <span class='ocr_line' id='line_1_29' title="bbox 167 2268 1666 2317; baseline 0.001 -11"><span class='ocrx_word' id='word_1_285' title='bbox 167 2270 313 2306; x_wconf 85' lang='lat' dir='ltr'>writers</span> <span class='ocrx_word' id='word_1_286' title='bbox 330 2269 423 2306; x_wconf 86' lang='lat' dir='ltr'>used</span> <span class='ocrx_word' id='word_1_287' title='bbox 429 2269 610 2317; x_wconf 80' lang='lat' dir='ltr'>futurum</span> <span class='ocrx_word' id='word_1_288' title='bbox 630 2279 672 2304; x_wconf 90' lang='lat' dir='ltr'>as</span> <span class='ocrx_word' id='word_1_289' title='bbox 680 2268 782 2316; x_wconf 87' lang='lat' dir='ltr'>fore,</span> <span class='ocrx_word' id='word_1_290' title='bbox 803 2268 966 2305; x_wconf 83' lang='lat' dir='ltr'>without</span> <span class='ocrx_word' id='word_1_291' title='bbox 993 2279 1070 2316; x_wconf 88' lang='lat' dir='ltr'>any</span> <span class='ocrx_word' id='word_1_292' title='bbox 1096 2269 1233 2315; x_wconf 83' lang='lat' dir='ltr'>regard</span> <span class='ocrx_word' id='word_1_293' title='bbox 1259 2273 1298 2305; x_wconf 92' lang='lat' dir='ltr'>to</span> <span class='ocrx_word' id='word_1_294' title='bbox 1327 2271 1476 2317; x_wconf 88' lang='lat' dir='ltr'>gender,</span> <span class='ocrx_word' id='word_1_295' title='bbox 1497 2272 1666 2317; x_wconf 69' lang='lat' dir='ltr'>number,</span> 
     </span>
     <span class='ocr_line' id='line_1_30' title="bbox 172 2331 1668 2384; baseline 0.001 -13"><span class='ocrx_word' id='word_1_296' title='bbox 172 2336 249 2381; x_wconf 86' lang='lat' dir='ltr'>&amp;c.,</span> <span class='ocrx_word' id='word_1_297' title='bbox 272 2347 314 2372; x_wconf 87' lang='lat' dir='ltr'>as</span> <span class='ocrx_word' id='word_1_298' title='bbox 338 2336 404 2371; x_wconf 88' lang='lat' dir='ltr'>the</span> <span class='ocrx_word' id='word_1_299' title='bbox 424 2334 568 2372; x_wconf 79' lang='lat' dir='ltr'>Greeks</span> <span class='ocrx_word' id='word_1_300' title='bbox 599 2334 664 2371; x_wconf 92' lang='lat' dir='ltr'>did</span> <span class='ocrx_word' id='word_1_301' title='bbox 697 2333 864 2376; x_wconf 67' lang='grc' dir='ltr'>ποιήσειν,</span> <span class='ocrx_word' id='word_1_302' title='bbox 898 2333 1025 2380; x_wconf 76' lang='grc' dir='ltr'>λέξειν,</span> <span class='ocrx_word' id='word_1_303' title='bbox 1056 2331 1204 2379; x_wconf 70' lang='grc' dir='ltr'>ἕσεςθαι,</span> <span class='ocrx_word' id='word_1_304' title='bbox 1243 2335 1306 2371; x_wconf 80' lang='lat' dir='ltr'>&amp;c.</span> <span class='ocrx_word' id='word_1_305' title='bbox 1365 2335 1410 2379; x_wconf 85' lang='lat' dir='ltr'>Q.</span> <span class='ocrx_word' id='word_1_306' title='bbox 1442 2335 1668 2384; x_wconf 84' lang='lat' dir='ltr'>Quadrigar.</span> 
     </span>
     <span class='ocr_line' id='line_1_31' title="bbox 169 2398 1672 2448; baseline -0.001 -12"><span class='ocrx_word' id='word_1_307' title='bbox 169 2398 324 2444; x_wconf 79' lang='lat' dir='ltr'>AnnaL,</span> <span class='ocrx_word' id='word_1_308' title='bbox 344 2398 409 2435; x_wconf 87' lang='lat' dir='ltr'>lib.</span> <span class='ocrx_word' id='word_1_309' title='bbox 431 2400 466 2444; x_wconf 91' lang='lat'>3,</span> <span class='ocrx_word' id='word_1_310' title='bbox 488 2398 594 2434; x_wconf 87' lang='lat' dir='ltr'>Dum</span> <span class='ocrx_word' id='word_1_311' title='bbox 610 2399 638 2434; x_wconf 84' lang='lat' dir='ltr'>ii</span> <span class='ocrx_word' id='word_1_312' title='bbox 665 2399 957 2444; x_wconf 88' lang='lat' dir='ltr'>conciderentur,</span> <span class='ocrx_word' id='word_1_313' title='bbox 986 2399 1156 2435; x_wconf 84' lang='lat' dir='ltr'>hostiurn</span> <span class='ocrx_word' id='word_1_314' title='bbox 1183 2398 1309 2445; x_wconf 85' lang='lat' dir='ltr'>copias</span> <span class='ocrx_word' id='word_1_315' title='bbox 1336 2404 1539 2445; x_wconf 83' lang='lat' dir='ltr'>occupatas</span> <span class='ocrx_word' id='word_1_316' title='bbox 1554 2401 1672 2448; x_wconf 81' lang='lat' dir='ltr'>futu-</span> 
     </span>
     <span class='ocr_line' id='line_1_32' title="bbox 172 2462 1672 2511; baseline 0.001 -11"><span class='ocrx_word' id='word_1_317' title='bbox 172 2475 256 2500; x_wconf 86' lang='lat' dir='ltr'>rum</span> <span class='ocrx_word' id='word_1_318' title='bbox 272 2476 287 2505; x_wconf 90' lang='lat'><em>;</em></span> <span class='ocrx_word' id='word_1_319' title='bbox 309 2463 385 2499; x_wconf 87' lang='lat' dir='ltr'>and</span> <span class='ocrx_word' id='word_1_320' title='bbox 401 2462 467 2499; x_wconf 84' lang='lat' dir='ltr'>the</span> <span class='ocrx_word' id='word_1_321' title='bbox 484 2463 693 2511; x_wconf 85' lang='lat' dir='ltr'>beginning</span> <span class='ocrx_word' id='word_1_322' title='bbox 710 2464 752 2500; x_wconf 84' lang='lat' dir='ltr'>of</span> <span class='ocrx_word' id='word_1_323' title='bbox 765 2464 830 2500; x_wconf 84' lang='lat' dir='ltr'>the</span> <span class='ocrx_word' id='word_1_324' title='bbox 848 2463 998 2501; x_wconf 84' lang='lat' dir='ltr'>twelfth</span> <span class='ocrx_word' id='word_1_325' title='bbox 1016 2464 1115 2500; x_wconf 88' lang='lat' dir='ltr'>book</span> <span class='ocrx_word' id='word_1_326' title='bbox 1130 2463 1171 2499; x_wconf 83' lang='lat' dir='ltr'>of</span> <span class='ocrx_word' id='word_1_327' title='bbox 1184 2464 1250 2500; x_wconf 88' lang='lat' dir='ltr'>the</span> <span class='ocrx_word' id='word_1_328' title='bbox 1264 2462 1413 2500; x_wconf 84' lang='lat' dir='ltr'>Annals</span> <span class='ocrx_word' id='word_1_329' title='bbox 1431 2465 1473 2500; x_wconf 87' lang='lat' dir='ltr'>of</span> <span class='ocrx_word' id='word_1_330' title='bbox 1487 2465 1551 2500; x_wconf 91' lang='lat' dir='ltr'>the</span> <span class='ocrx_word' id='word_1_331' title='bbox 1570 2476 1672 2501; x_wconf 90' lang='lat' dir='ltr'>same</span> 
     </span>
     <span class='ocr_line' id='line_1_33' title="bbox 174 2527 1672 2574; baseline 0.001 -10"><span class='ocrx_word' id='word_1_332' title='bbox 174 2527 457 2574; x_wconf 86' lang='lat' dir='ltr'>Quadrigarius,</span> <span class='ocrx_word' id='word_1_333' title='bbox 480 2527 522 2564; x_wconf 89' lang='lat' dir='ltr'>Si</span> <span class='ocrx_word' id='word_1_334' title='bbox 544 2539 613 2574; x_wconf 90' lang='lat' dir='ltr'>pro</span> <span class='ocrx_word' id='word_1_335' title='bbox 642 2532 710 2564; x_wconf 88' lang='lat' dir='ltr'>tua</span> <span class='ocrx_word' id='word_1_336' title='bbox 741 2529 911 2566; x_wconf 86' lang='lat' dir='ltr'>bonitate</span> <span class='ocrx_word' id='word_1_337' title='bbox 942 2533 980 2565; x_wconf 90' lang='lat' dir='ltr'>et</span> <span class='ocrx_word' id='word_1_338' title='bbox 1011 2533 1141 2566; x_wconf 87' lang='lat' dir='ltr'>nostra</span> <span class='ocrx_word' id='word_1_339' title='bbox 1171 2529 1370 2565; x_wconf 85' lang='lat' dir='ltr'>voluntate</span> <span class='ocrx_word' id='word_1_340' title='bbox 1395 2529 1465 2566; x_wconf 86' lang='lat' dir='ltr'>tibi</span> <span class='ocrx_word' id='word_1_341' title='bbox 1493 2530 1672 2567; x_wconf 83' lang='lat' dir='ltr'>valetudo</span> 
     </span>
     <span class='ocr_line' id='line_1_34' title="bbox 173 2591 1672 2642; baseline 0.001 -14"><span class='ocrx_word' id='word_1_342' title='bbox 173 2591 351 2638; x_wconf 77' lang='lat' dir='ltr'>suppetit,</span> <span class='ocrx_word' id='word_1_343' title='bbox 371 2594 429 2627; x_wconf 84' lang='lat' dir='ltr'>est</span> <span class='ocrx_word' id='word_1_344' title='bbox 446 2591 547 2638; x_wconf 90' lang='lat' dir='ltr'>quod</span> <span class='ocrx_word' id='word_1_345' title='bbox 565 2602 756 2638; x_wconf 84' lang='lat' dir='ltr'>speremus</span> <span class='ocrx_word' id='word_1_346' title='bbox 767 2593 856 2628; x_wconf 84' lang='lat' dir='ltr'>deos</span> <span class='ocrx_word' id='word_1_347' title='bbox 869 2593 978 2629; x_wconf 87' lang='lat' dir='ltr'>bonis</span> <span class='ocrx_word' id='word_1_348' title='bbox 987 2594 1082 2630; x_wconf 91' lang='lat' dir='ltr'>bene</span> <span class='ocrx_word' id='word_1_349' title='bbox 1091 2593 1308 2641; x_wconf 81' lang='lat' dir='ltr'>facturum.</span> <span class='ocrx_word' id='word_1_350' title='bbox 1365 2593 1413 2630; x_wconf 88' lang='lat' dir='ltr'>In</span> <span class='ocrx_word' id='word_1_351' title='bbox 1426 2594 1491 2630; x_wconf 87' lang='lat' dir='ltr'>the</span> <span class='ocrx_word' id='word_1_352' title='bbox 1504 2598 1672 2642; x_wconf 75' lang='lat' dir='ltr'>twenty-</span> 
     </span>
     <span class='ocr_line' id='line_1_35' title="bbox 173 2654 1674 2705; baseline 0.002 -13"><span class='ocrx_word' id='word_1_353' title='bbox 173 2656 302 2692; x_wconf 84' lang='lat' dir='ltr'>fourth</span> <span class='ocrx_word' id='word_1_354' title='bbox 318 2655 419 2692; x_wconf 88' lang='lat' dir='ltr'>book</span> <span class='ocrx_word' id='word_1_355' title='bbox 433 2655 475 2691; x_wconf 86' lang='lat' dir='ltr'>of</span> <span class='ocrx_word' id='word_1_356' title='bbox 478 2654 654 2692; x_wconf 87' lang='lat' dir='ltr'>Valerius</span> <span class='ocrx_word' id='word_1_357' title='bbox 667 2655 815 2703; x_wconf 88' lang='lat' dir='ltr'>Antias,</span> <span class='ocrx_word' id='word_1_358' title='bbox 831 2655 873 2694; x_wconf 89' lang='lat' dir='ltr'>Si</span> <span class='ocrx_word' id='word_1_359' title='bbox 890 2657 950 2694; x_wconf 84' lang='lat' dir='ltr'>hae</span> <span class='ocrx_word' id='word_1_360' title='bbox 967 2668 1027 2694; x_wconf 91' lang='lat' dir='ltr'>res</span> <span class='ocrx_word' id='word_1_361' title='bbox 1044 2657 1184 2694; x_wconf 83' lang='lat' dir='ltr'>divinae</span> <span class='ocrx_word' id='word_1_362' title='bbox 1198 2657 1308 2694; x_wconf 82' lang='lat' dir='ltr'>factae</span> <span class='ocrx_word' id='word_1_363' title='bbox 1326 2658 1470 2705; x_wconf 89' lang='lat' dir='ltr'>riteque</span> <span class='ocrx_word' id='word_1_364' title='bbox 1488 2658 1674 2705; x_wconf 73' lang='lat' dir='ltr'>perlitatae</span> 
     </span>
     <span class='ocr_line' id='line_1_36' title="bbox 173 2720 1675 2769; baseline 0.001 -12"><span class='ocrx_word' id='word_1_365' title='bbox 173 2725 308 2767; x_wconf 85' lang='lat' dir='ltr'>essent,</span> <span class='ocrx_word' id='word_1_366' title='bbox 344 2720 562 2767; x_wconf 87' lang='lat' dir='ltr'>haruspices</span> <span class='ocrx_word' id='word_1_367' title='bbox 597 2721 780 2758; x_wconf 78' lang='lat' dir='ltr'>dixerunt</span> <span class='ocrx_word' id='word_1_368' title='bbox 815 2722 945 2758; x_wconf 79' lang='lat' dir='ltr'>omnia</span> <span class='ocrx_word' id='word_1_369' title='bbox 981 2733 1034 2758; x_wconf 77' lang='lat' dir='ltr'>ex</span> <span class='ocrx_word' id='word_1_370' title='bbox 1069 2721 1256 2759; x_wconf 84' lang='lat' dir='ltr'>sententia</span> <span class='ocrx_word' id='word_1_371' title='bbox 1285 2734 1556 2769; x_wconf 76' lang='lat' dir='ltr'>processurum</span> <span class='ocrx_word' id='word_1_372' title='bbox 1585 2734 1675 2760; x_wconf 89' lang='lat' dir='ltr'>esse.</span> 
     </span>
     <span class='ocr_line' id='line_1_37' title="bbox 176 2783 1674 2833; baseline 0.001 -11"><span class='ocrx_word' id='word_1_373' title='bbox 176 2784 302 2822; x_wconf 84' lang='lat' dir='ltr'>Plaut.</span> <span class='ocrx_word' id='word_1_374' title='bbox 322 2784 363 2820; x_wconf 90' lang='lat' dir='ltr'>in</span> <span class='ocrx_word' id='word_1_375' title='bbox 382 2783 535 2830; x_wconf 61' lang='lat' dir='ltr'>Casim„</span> <span class='ocrx_word' id='word_1_376' title='bbox 557 2785 594 2831; x_wconf 84' lang='lat'>3,</span> <span class='ocrx_word' id='word_1_377' title='bbox 615 2785 651 2830; x_wconf 87' lang='lat'>5,</span> <span class='ocrx_word' id='word_1_378' title='bbox 673 2785 735 2831; x_wconf 86' lang='lat'>51,</span> <span class='ocrx_word' id='word_1_379' title='bbox 757 2785 940 2833; x_wconf 83' lang='lat' dir='ltr'>speaking</span> <span class='ocrx_word' id='word_1_380' title='bbox 959 2786 1001 2822; x_wconf 91' lang='lat' dir='ltr'>of</span> <span class='ocrx_word' id='word_1_381' title='bbox 1024 2797 1047 2822; x_wconf 87' lang='lat' dir='ltr'>a</span> <span class='ocrx_word' id='word_1_382' title='bbox 1069 2785 1158 2832; x_wconf 74' lang='lat' dir='ltr'>yirl,</span> <span class='ocrx_word' id='word_1_383' title='bbox 1180 2786 1251 2822; x_wconf 88' lang='lat' dir='ltr'>has</span> <span class='ocrx_word' id='word_1_384' title='bbox 1283 2785 1494 2822; x_wconf 77' lang='lat' dir='ltr'>occisurum</span> <span class='ocrx_word' id='word_1_385' title='bbox 1523 2791 1589 2823; x_wconf 85' lang='lat' dir='ltr'>not</span> <span class='ocrx_word' id='word_1_386' title='bbox 1610 2799 1674 2822; x_wconf 86' lang='lat' dir='ltr'>oc-</span> 
     </span>
    </p>
   </div>
  </div>
 </body>
</html>
