1889 3191
0 2854 2 2904 ἱ

475 264 751 303 SALLUSTII
777 264 802 301 J
805 261 1188 302 UGURTHINUM.
1494 262 1512 296 1
1520 261 1568 298 53

98 402 226 442 esse;
253 383 334 431 sed
364 383 572 431 Africam
609 383 659 430 in
694 381 900 445 Europa.
967 382 1037 427 Ea
1058 379 1166 427 finis
1201 378 1344 425 habet
1361 377 1419 424 ab
1454 378 1570 424 occi-

97 472 233 519 dente
254 469 426 517 fretum
450 469 598 516 nostri
635 468 777 516 maris
812 474 859 516 et
884 466 1059 515 Oceani
1075 465 1106 513 :¹
1128 466 1186 513 ab
1211 471 1317 511 ortu
1353 462 1462 510 soh's
1496 461 1574 508 de-

96 557 259 605 clivem
294 554 632 612 latitudinem,2
657 572 793 619 quem
828 553 1000 602 locum3
1025 550 1388 600 Catabathmon⁴
1408 547 1574 596 incolae

96 643 347 706 adpellant.
418 643 553 690 Mare
597 659 788 698 saevum,
829 641 1187 705 importuosum.
1231 653 1340 701 ager
1383 635 1574 697 frugum

95 722 276 786 fertilis,
303 729 454 776 bonus
477 729 647 793 pecori,
670 729 830 776 arbore
846 727 1142 775 infoecundus
1164 745 1174 772 :
1213 725 1342 779 coelo,
1363 723 1575 785 terraque

94 815 290 878 penuria
313 832 553 879 aquarum.
626 815 786 863 Genus
807 813 1051 861 hominum
1077 812 1250 859 salubri
1273 825 1477 873 corpore,
1503 824 1577 854 ve-

97 901 188 958 lox,
214 901 398 965 patiens
416 902 660 948 laborum:
697 900 941 964 plerosque
976 906 1189 946 senectus
1224 895 1449 951 dissolvit,
1485 894 1577 940 nisi

100 987 179 1051 qui
200 987 335 1043 ferro,
363 994 444 1034 aut
467 987 629 1034 bestiis
651 986 867 1033 interiere
888 985 923 1032 :⁵
947 1001 1057 1033 nam
1079 984 1271 1031 morbus
1300 981 1430 1029 haud
1453 996 1577 1043 saepe

155 1169 286 1206 XVII.
318 1168 330 1191 ¹
352 1168 508 1205 Fretum
526 1170 650 1206 nostri
669 1170 788 1205 maris
815 1174 851 1205 et
878 1165 1057 1217 Oceani]
1087 1167 1149 1216 By
1172 1166 1323 1216 fretum
1350 1176 1418 1202 our
1447 1164 1582 1200 author

100 1245 228 1271 means
245 1235 386 1273 fretum
407 1236 637 1273 Gaditanum
658 1236 736 1272 sive
767 1234 1005 1281 Herculeum,
1037 1245 1122 1270 now
1152 1232 1272 1269 called
1299 1232 1364 1268 the
1384 1230 1520 1268 Straits
1547 1229 1588 1264 of

102 1298 315 1346 Gibraltar3
355 1301 408 1348 by
446 1300 567 1336 nostri
603 1299 723 1335 maris
758 1299 806 1336 he
835 1310 965 1335 means
992 1298 1056 1334 the
1083 1297 1392 1341 Mediterranean,
1425 1294 1499 1330 and
1530 1293 1582 1340 by

110 1364 255 1401 Oceani
272 1365 337 1402 the
355 1372 461 1414 great
480 1365 649 1402 Atlantie
670 1364 806 1402 Ocean.
864 1364 883 1400 I
902 1364 1014 1400 think
1023 1363 1055 1400 it
1072 1375 1120 1400 no
1134 1363 1309 1412 injustice
1328 1362 1422 1397 done
1443 1358 1583 1397 Sallust

101 1433 141 1465 to
159 1429 313 1468 observe
331 1432 427 1478 here,
449 1432 536 1468 that
553 1431 613 1467 his
632 1429 896 1478 geographicas
909 1429 1150 1476 descriptions
1169 1440 1231 1465 are
1244 1438 1340 1464 none
1353 1425 1393 1462 of
1403 1425 1467 1462 the
1486 1428 1584 1460 most

103 1496 394 1533 accurate—M.

155 1559 171 1582 ²
190 1561 385 1599 Declicem
406 1560 682 1612 latitudinem]
704 1562 862 1599 Vossius
881 1574 929 1599 on
946 1561 1061 1604 Mela,
1083 1561 1148 1598 lib.
1172 1563 1205 1607 1,
1227 1562 1262 1606 8,
1284 1570 1381 1607 says.
1401 1558 1432 1594 it
1451 1555 1584 1593 should

103 1631 148 1666 be
167 1630 348 1667 declivem
366 1630 614 1675 altitudinem,
636 1631 704 1666 but
722 1630 768 1665 he
787 1640 873 1666 errs.
932 1628 998 1666 See
1018 1628 1198 1673 Kritzius,
1220 1627 1268 1663 ad
1284 1624 1476 1662 loco.—C.

157 1691 172 1713 ³
200 1692 317 1735 Quem
337 1693 492 1745 locum]
514 1695 601 1731 Vid.
623 1694 792 1731 Perizon.
813 1705 861 1730 on
882 1693 1006 1731 Sanct.
1027 1693 1090 1730 lib.
1113 1694 1148 1739 2,
1171 1694 1205 1738 9,
1226 1695 1313 1728 note
1327 1690 1464 1727 4.-C.

157 1757 173 1780 ⁴
199 1757 517 1809 Catabathmon]
540 1758 630 1795 This
649 1758 681 1795 is
708 1769 732 1794 a
751 1757 874 1796 Greek
891 1758 1005 1803 word,
1027 1756 1069 1794 of
1081 1757 1147 1794 the
1173 1766 1276 1793 same
1293 1755 1432 1802 import
1451 1765 1492 1789 as
1520 1753 1585 1787 de-

107 1827 213 1864 clivis
232 1826 519 1864 lamnam—M.

159 1890 175 1912 ⁵
198 1890 290 1929 Nisi
308 1890 375 1939 qui
384 1891 494 1940 ferro
514 1895 583 1926 aut
601 1889 728 1926 bestiis
747 1887 951 1940 interiere]
974 1889 1066 1926 This
1084 1889 1174 1926 verb
1188 1888 1220 1925 is
1237 1887 1331 1925 used
1349 1883 1587 1931 aoristz‘cally

107 1959 204 2004 here,
224 1957 282 1993 for
308 1956 508 2001 intereunt,
529 1966 571 1991 or
598 1954 754 1990 interire
780 1954 913 1990 solent.
970 1953 1020 1992 So
1041 1953 1126 1992 Cat.
1146 1965 1177 1990 c.
1201 1953 1262 1999 10,
1284 1950 1423 1990 Omnia
1439 1947 1588 1985 venalia

108 2022 243 2059 habere
260 2018 419 2066 edocuit,
440 2020 588 2056 edocere
605 2018 698 2056 solet
713 2033 722 2065 3
743 2019 818 2055 and
834 2030 866 2056 c.
888 2019 950 2065 51,
962 2018 1096 2065 Neque
1109 2017 1285 2065 cuiquam
1296 2014 1511 2052 mortalium
1529 2012 1589 2049 in-

105 2086 214 2135 juriae
233 2096 309 2122 suae
327 2094 454 2131 parvae
473 2083 667 2128 videntum
696 2082 809 2120 multi
826 2094 889 2119 eas
916 2082 1071 2130 gravius
1089 2092 1195 2129 aequo
1223 2079 1397 2116 habuere.
1475 2074 1586 2114 Catil.

113 2151 172 2196 11,
192 2147 367 2186 Avaritia
382 2147 549 2194 pecuniae
567 2147 733 2183 studium
752 2147 875 2193 habet,
910 2157 1025 2194 quam
1055 2156 1166 2182 nemo
1184 2143 1330 2190 sapiens
1363 2139 1588 2187 concupivit.

112 2214 188 2252 Cic.
210 2213 284 2252 Off.
306 2214 340 2259 1,
361 2212 424 2258 44,
441 2211 515 2258 Illi,
536 2212 583 2249 ab
603 2211 782 2259 augendis
800 2212 998 2249 hominum
1015 2209 1242 2247 utilitatibus
1252 2218 1328 2245 non
1346 2210 1589 2243 recesserunt.

112 2279 230 2316 Tacit.
250 2277 352 2315 Ann.
373 2278 409 2324 3,
433 2277 493 2323 66,
515 2282 613 2314 extr.
634 2277 838 2315 Festinatio
855 2277 1004 2323 multos,
1037 2276 1152 2313 etiam
1177 2276 1293 2312 bonos
1317 2271 1589 2321 pessumdedit,

113 2345 179 2393 qui
195 2339 422 2392 praunature
442 2343 504 2380 vel
534 2355 622 2380 cum
652 2344 769 2381 exitio
798 2349 1009 2391 properant.
1067 2343 1124 2380 Id.
1154 2342 1196 2378 in
1212 2340 1341 2389 Agric-
1371 2351 1402 2376 ρ.
1424 2340 1458 2385 9,
1481 2342 1592 2384 extr„

115 2411 233 2448 Haud
251 2420 394 2456 semper
412 2414 510 2446 errat
526 2409 652 2456 fama,
673 2410 873 2458 aliqnando
891 2414 928 2446 et
947 2409 1068 2457 eleyit.
1127 2407 1204 2446 Cic.
1224 2407 1269 2444 de
1287 2406 1371 2443 Fin.
1393 2407 1427 2451 1,
1451 2405 1511 2450 15,
1534 2403 1594 2440 Ob

114 2474 346 2512 debilitatem
365 2473 480 2510 animi
497 2473 609 2510 multi
625 2479 808 2521 parentes,
828 2473 940 2510 multi
958 2474 1107 2519 amieos,
1126 2470 1297 2509 nonnulli
1323 2470 1495 2518 patriam,
1514 2469 1595 2517 ple-

116 2542 222 2589 rique
240 2544 367 2577 autem
386 2539 537 2586 seipsos
555 2540 703 2587 penitus
714 2540 970 2586 perdiderunt
984 2552 999 2581 ;
1020 2539 1143 2575 where
1157 2549 1217 2574 see
1229 2536 1399 2575 Goerinz.
1457 2534 1541 2573 Cat.
1558 2535 1593 2579 2,

117 2605 233 2643 Multi
249 2603 425 2641 mortales
441 2604 563 2640 vitam
589 2604 698 2641 sicuti
724 2604 1001 2652 peregrinantes
1028 2602 1215 2639 transiere
1228 2616 1244 2645 ,·
1274 2601 1409 2650 quibus
1434 2600 1597 2648 profecto

117 2677 248 2708 eontra
265 2674 442 2707 naturam
459 2680 591 2717 corpus
609 2668 805 2716 voluptati,
826 2670 953 2706 anima
969 2668 1072 2706 oneri
1087 2668 1171 2706 fuit.
1205 2666 1247 2718 (Ι
1259 2667 1434 2715 forgotto
1445 2667 1598 2704 observa

120 2737 225 2774 there
241 2737 327 2773 that
345 2736 532 2772 transiere
565 2747 683 2773 seems
714 2742 754 2772 to
771 2748 831 2772 me
861 2748 884 2773 a
901 2736 1022 2773 better
1051 2735 1208 2783 reading
1223 2734 1319 2772 than
1345 2731 1596 2782 transeqere.)

121 2803 212 2851 Jug.
232 2804 295 2849 42,
317 2802 410 2847 Quae
442 2813 499 2839 res
520 2801 738 2850 plerumque
755 2814 913 2851 magnas
939 2801 1104 2840 civitatis
1126 2799 1398 2850 pessumdedit.
1457 2800 1513 2838 Ib.
1535 2801 1597 2846 74,
