1889 3191
255 205 276 240 2
283 204 333 240 94
628 200 906 241 SALLUSTII
932 202 1348 241 JUGURTHINUM.

255 317 412 379 pedite
435 323 610 373 nostro,
638 325 974 366 cruentaverat.
1046 318 1186 374 Quod
1207 319 1288 365 ubi
1312 318 1485 365 milites
1508 334 1738 382 accepere,

256 402 406 464 magis
429 403 671 450 atrocitate
693 404 773 459 rei,
801 407 940 465 quam
975 403 1068 450 fide
1091 403 1250 450 nuncii
1283 409 1545 450 terrentur:
1583 403 1743 450 simul-

262 502 350 548 que
372 487 557 533 barbari
594 488 773 533 animos
808 487 982 541 tollere,
1011 493 1058 532 et
1090 486 1140 531 in
1174 487 1409 547 perculsos
1444 487 1594 534 acrius
1618 487 1741 534 ince-

257 570 379 616 dere.
439 571 638 632 Jamque
661 569 870 631 paullum
896 570 954 615 ab
978 569 1090 631 fuga
1112 569 1316 624 aberant,
1342 574 1446 617 cum
1467 571 1608 626 Sulla,
1635 587 1741 634 pro-

254 654 440 715 fligatis,
469 669 584 715 quos
618 653 865 699 advorsum
888 653 1018 707 ierat,
1047 653 1229 698 Mauris
1264 653 1321 699 ab
1355 654 1498 701 latere
1530 654 1739 702 incurrit.

254 737 469 782 Bocchus
494 738 653 782 statIm
677 737 917 782 avortitur.
988 736 1055 782 At
1073 736 1324 799 «Iugurtha,
1349 737 1460 784 dum
1480 744 1740 785 sustentare

257 836 364 866 suos
388 827 434 866 et
457 822 602 882 prope
619 820 719 882 jam
743 820 959 882 adeptam
982 820 1224 867 victoriam
1252 821 1451 868 retinere
1485 822 1628 884 cupit,
1655 822 1741 868 cir-

253 910 526 950 cumventus
550 905 607 950 ab
632 904 880 966 equitibus,
909 904 1083 959 dextra,
1112 905 1301 951 sinistra
1318 906 1533 952 omnibus
1557 906 1735 961 occisiS,

255 988 380 1034 solus
404 988 525 1034 inter
549 988 640 1034 tela
657 988 866 1034 hostium
889 987 1172 1034 vitabundus
1189 988 1431 1050 erumpit.⁷
1499 989 1654 1051 Atque
1668 989 1741 1034 in-

254 1072 388 1116 terlm
409 1071 590 1117 Marius
614 1071 788 1133 fugatis
813 1071 1061 1134 equitibus,
1089 1071 1266 1117 occurit
1288 1071 1458 1118 auxilio
1483 1073 1594 1128 suis,
1621 1088 1738 1134 quos

251 1155 361 1216 pelli
378 1155 476 1217 jam
501 1162 753 1217 acceperat.
803 1155 1029 1218 Denique,
1047 1154 1208 1201 hostes
1227 1155 1431 1217 undique
1455 1156 1564 1202 fusi.
1612 1157 1734 1203 Tum

253 1239 567 1300 spectaculum
592 1240 813 1286 horribile
836 1240 1012 1301 campis
1036 1239 1307 1301 patentibus
1329 1258 1339 1285 ι
1367 1241 1511 1302 sequi,
1540 1240 1700 1303 fugere
1721 1263 1733 1296 ;

250 1325 410 1378 occidi,
438 1325 569 1386 capi3
609 1325 728 1387 equi,
755 1326 842 1371 viri
876 1326 1079 1372 adflicti:
1118 1343 1170 1372 ac
1193 1328 1344 1382 multi,
1374 1328 1637 1375 volneribus
1661 1346 1734 1376 ac-

248 1408 408 1469 ceptis,
435 1424 586 1470 neque
604 1409 763 1470 fugere
781 1425 932 1471 posse,
954 1425 1102 1471 neque
1122 1410 1324 1472 quietem
1342 1412 1455 1473 pati,
1473 1412 1560 1458 niti
1576 1413 1729 1469 modo,

248 1509 300 1538 ac
341 1493 500 1538 statim
541 1493 811 1539 concidere:
856 1494 1105 1555 postremo,
1147 1494 1317 1549 omnia,
1345 1498 1435 1557 qua
1468 1496 1594 1542 visus
1618 1505 1730 1553 erat,

249 1583 484 1622 constrata
518 1577 637 1633 telis,
676 1577 831 1633 armiS,
863 1578 1162 1624 cadaveribus
1191 1598 1203 1632 ;
1246 1586 1291 1625 et
1326 1579 1447 1626 inter
1482 1596 1534 1626 ea
1560 1581 1735 1627 humus

246 1661 418 1707 infecta
443 1662 682 1724 sanguine.

313 1743 423 1789 CII.
464 1743 634 1789 Postea
666 1743 755 1790 loci
780 1743 970 1800 Consul,
999 1744 1126 1790 haud
1163 1745 1303 1792 dubie
1322 1746 1419 1808 jam
1447 1747 1603 1802 victor,
1631 1763 1733 1809 per-

240 1826 368 1872 venit
392 1826 441 1871 in
466 1826 692 1888 oppidum
719 1826 912 1882 Cirtam,
942 1828 1032 1890 quo
1054 1828 1189 1874 initio
1204 1829 1440 1891 profectus
1455 1830 1732 1878 intenderat.

242 1910 324 1964 Εὸ,
350 1915 459 1971 post
483 1909 606 1956 diem
631 1911 860 1972 quintum,
891 1915 1028 1973 quam
1062 1913 1232 1958 iterum
1256 1914 1440 1960 barbari
1475 1915 1591 1961 male
1614 1931 1730 1978 pug-

240 2000 475 2048 naverant,
514 1993 654 2055 legati
688 2010 716 2040 a
739 1994 926 2041 Boccho
961 1996 1168 2051 veniunt,
1196 1997 1275 2059 qui
1310 1997 1453 2059 Regis
1488 1998 1638 2045 verbis
1671 1999 1729 2045 ab

244 2077 398 2122 Mario
421 2077 640 2139 petivere,
674 2083 705 2103 “
723 2078 816 2124 duo
840 2082 977 2141 quam
997 2080 1265 2127 fidissumos
1280 2081 1340 2127 ad
1364 2098 1468 2128 eum
1490 2084 1698 2131 mitteret
1715 2106 1726 2140 ;

244 2162 360 2207 velle
385 2161 441 2206 de
467 2177 529 2216 se,
559 2169 604 2207 et
628 2161 685 2208 de
720 2162 878 2224 populi
906 2164 1122 2210 Romani¹
1149 2166 1408 2220 commodo,
1446 2183 1551 2212 cum
1574 2169 1614 2213 is
1639 2168 1731 2214 dis·

243 2246 443 2291 se1·ere.'’
515 2246 602 2292 Ille
626 2246 784 2292 statim
809 2247 864 2293 L.
895 2247 1070 2294 Sullam
1090 2256 1135 2294 et
1154 2250 1213 2295 A.
1236 2249 1468 2296 Manlium
1493 2251 1558 2298 ire
1575 2252 1727 2314 jubet.

298 2432 311 2452 '¹
343 2433 581 2468 Vitabundns
601 2431 798 2482 erumpit]
830 2433 1071 2471 vitabundus
1097 2446 1173 2471 non
1200 2433 1312 2472 modo
1340 2436 1472 2474 similis
1498 2438 1636 2475 vitanti
1663 2445 1728 2485 est,

244 2497 306 2533 sed
326 2495 438 2531 etiam
459 2492 620 2539 abunde,
642 2493 754 2531 valde
776 2496 910 2541 w’tans,
932 2500 976 2532 ut
993 2507 1140 2533 necesse
1158 2502 1248 2543 erat,
1271 2497 1358 2534 cflm
1377 2501 1425 2536 ab
1452 2500 1624 2537 omnibus
1642 2513 1729 2548 par-

243 2561 344 2595 tibus
363 2557 671 2602 peteretur.-M.

300 2622 384 2659 CII.
407 2618 418 2640 ¹
452 2621 551 2656 Velle
572 2622 616 2656 de
634 2634 682 2667 se,
705 2628 741 2658 et
760 2624 806 2658 de
818 2623 956 2670 populi
977 2623 1152 2669 Romani,
1173 2623 1258 2674 &c.]
1282 2625 1451 2662 Kritzius
1469 2627 1575 2664 reads
1595 2628 1727 2672 desua,

245 2690 312 2724 not
331 2686 374 2721 de
394 2696 444 2729 se,
463 2683 644 2732 referiing
663 2685 692 2721 it
710 2689 750 2722 to
769 2685 913 2722 Marius
932 2686 1006 2722 and
1023 2689 1090 2722 not
1109 2686 1393 2725 Bocchus.-C.
