1889 3191
544 230 825 270 SALLUSTII
851 230 878 267 J
883 228 1271 268 UGURTHINUM.
1582 232 1658 266 305

162 349 266 396 aliis
288 349 446 404 armis,
473 347 725 395 advorsum
760 348 855 394 tela
886 347 1114 403 hostium,
1142 347 1267 411 quod
1302 363 1354 394 ea
1377 347 1496 394 levia
1531 355 1657 402 sunt,

162 433 374 481 muniti.⁵
445 432 538 480 Sed
576 432 627 479 in
662 431 870 488 itinere,⁶
909 433 1075 495 quinto
1122 432 1323 495 denique
1359 431 1449 487 die,
1488 432 1657 485 Volux,

161 520 287 566 filius
320 519 512 574 Bocchi,
551 520 749 581 repente
784 519 835 565 in
868 518 1050 582 campis
1084 518 1357 582 patentibus
1392 534 1500 564 cum
1535 517 1662 564 mille

161 622 256 652 non
278 605 482 668 amplius
505 605 741 668 equitibus
766 621 867 652 sese
890 605 1112 661 ostendit,
1142 605 1223 668 qui
1245 606 1418 651 temere
1442 611 1488 650 et
1513 602 1662 650 effuse

162 698 342 747 euntes,
370 690 514 738 Sullae
537 690 732 753 aliisque
768 691 987 737 omnibus
1022 697 1068 737 et
1102 707 1353 737 numerum
1389 689 1664 751 ampliorem

161 794 286 833 vero,
313 785 360 824 et
382 777 604 825 hostilem
628 785 808 823 metum
825 776 1132 824 efficiebant.⁷
1170 777 1325 839 Igitur
1344 793 1444 823 sese
1469 776 1665 838 quisque

163 863 396 926 expedire,
424 880 555 910 arma
578 870 717 927 atque
741 863 834 910 tela
857 870 1054 919 tentare,
1081 863 1324 910 intendere
1347 862 1381 909 :S
1418 863 1560 909 timor
1584 862 1665 908 ali-

162 958 381 1012 quantus,
410 949 493 996 sed
517 966 624 1012 spes
659 950 872 1012 amplior,
900 951 1074 1013 quippe
1109 950 1380 1005 victoribus,
1420 957 1466 996 et
1501 949 1666 995 advor-

163 1052 270 1082 sum
294 1052 388 1091 eos,
416 1052 533 1100 quos
560 1039 688 1099 saepe
711 1036 934 1083 vicerant.
1008 1037 1207 1083 Interim
1233 1037 1428 1100 equites,
1457 1036 1667 1099 explora-

164 1129 267 1167 tum
290 1122 540 1184 praemissi,
568 1138 681 1178 rem,
709 1123 779 1169 uti
806 1129 918 1178 erat,
947 1123 1155 1186 quietam
1180 1123 1422 1169 nunciant.

231 1207 360 1254 CVI.
398 1208 554 1254 Volux
588 1208 838 1255 adveniens
886 1209 1186 1264 Quaestorem
1231 1208 1465 1270 adpellat:
1509 1214 1541 1233 “
1561 1225 1609 1254 se
1644 1225 1670 1253 a

164 1301 297 1354 patre
321 1294 512 1340 Boccho
536 1294 723 1340 obviam
757 1294 852 1340 illis
888 1295 1044 1350 simul,
1073 1303 1119 1341 et
1153 1294 1378 1357 praesidio
1413 1295 1664 1341 missum.'’

165 1380 348 1427 Deinde
395 1397 501 1427 eum
548 1389 595 1427 et
639 1397 926 1443 proxumum
970 1380 1096 1427 diem
1127 1382 1227 1427 sine
1261 1388 1395 1427 metu
1429 1381 1669 1444 conjunct-i

164 1477 294 1515 eunt.
368 1468 497 1523 Post,
524 1468 607 1514 ubi
630 1476 783 1514 castra
804 1468 970 1523 locata,
999 1475 1045 1513 et
1061 1466 1134 1513 die
1148 1483 1314 1529 vesper
1333 1475 1444 1521 erat,
1474 1468 1670 1529 repente

166 1554 367 1601 Maurus
391 1555 569 1601 incerto
594 1554 725 1600 voltu
749 1554 808 1600 ad
833 1554 1012 1600 Sullam
1045 1553 1250 1600 adcurrit
1270 1572 1280 1599 z
1323 1560 1352 1578 ‘⁶
1373 1553 1463 1599 sibi
1487 1569 1544 1599 ex
1569 1569 1670 1614 spe-

165 1641 452 1687 culatoribus
476 1640 733 1704 cognitum,
764 1640 1053 1702 Jugurtham
1089 1639 1217 1686 haud
1241 1638 1406 1703 procul
1441 1640 1603 1686 abesse
1623 1640 1668 1684 :’'

167 1722 322 1778 simul,
350 1723 418 1769 uti
442 1734 587 1770 noctu
609 1723 728 1770 clam
753 1740 911 1770 secum
936 1723 1220 1786 profugeret,
1243 1731 1377 1787 rogat
1401 1731 1540 1787 atque
1564 1724 1672 1770 hor-

220 1878 236 1900 ⁵
262 1877 636 1929 Cohors-munita]
669 1879 748 1916 The
777 1891 879 1915 same
907 1879 1164 1916 construction
1196 1890 1238 1915 as
1270 1889 1357 1925 pars
1390 1878 1473 1924 acti,
1496 1889 1576 1925 cap.
1611 1881 1670 1923 14,

165 1946 241 1981 and
260 1955 402 1992 magna
420 1956 507 1991 pars
526 1944 724 1991 volnerati,
747 1956 827 1991 cap.
851 1945 912 1980 58.
974 1944 1042 1981 See
1061 1955 1142 1991 cap.
1166 1944 1228 1988 89,
1250 1948 1338 1980 note
1359 1943 1507 1980 3.-M.

225 2007 361 2055 Neque
378 2007 439 2042 his
457 2006 792 2056 secus-munita]
827 2008 894 2045 See
914 2008 1084 2044 Perizon.
1106 2020 1155 2045 on
1176 2007 1302 2046 Sanct.
1325 2006 1500 2052 Minerv.‚
1520 2019 1557 2054 p.
1584 2011 1671 2044 717.

166 2071 264 2109 --C.

219 2133 236 2155 ⁶
258 2135 332 2170 Sed
361 2135 400 2170 in
432 2133 605 2185 itinera]
637 2135 669 2171 A
703 2135 800 2171 little
832 2135 994 2172 beneath
1025 2134 1177 2173 Coi-tius
1206 2135 1314 2172 reads
1350 2136 1419 2170 sed
1449 2135 1596 2171 itinere.
1655 2136 1675 2174 l

167 2200 280 2237 think
299 2201 330 2236 it
348 2199 485 2236 should
505 2199 550 2235 be
569 2199 610 2234 in
630 2199 778 2245 itinere,
800 2211 842 2236 as
862 2200 881 2235 I
902 2211 961 2235 see
980 2200 1020 2235 in
1039 2211 1088 2236 an
1108 2199 1170 2236 old
1189 2200 1328 2236 edition
1349 2204 1432 2237 sent
1446 2204 1485 2238 to
1500 2213 1560 2238 me
1579 2201 1676 2238 from

174 2266 307 2312 Rome,
324 2267 376 2314 by
396 2277 419 2301 a
438 2265 511 2301 ΜΓ.
532 2265 704 2302 Annibal
723 2265 990 2313 CapiecL-C.

224 2329 237 2349 '¹
259 2330 448 2366 Hostilem
471 2334 608 2364 metum
628 2327 877 2378 efficiebant]
901 2329 993 2366 Thjs
1011 2331 1103 2367 verb
1122 2331 1154 2367 is
1174 2331 1390 2380 accurater
1409 2333 1617 2379 applicable
1637 2340 1676 2370 to

169 2395 233 2431 the
250 2395 326 2430 last
344 2393 477 2438 words,
500 2392 672 2428 hostilem
694 2399 831 2428 metum
847 2407 863 2434 ;
894 2394 962 2430 but
984 2395 1096 2430 refers
1115 2400 1154 2431 to
1172 2396 1238 2432 the
1265 2396 1402 2433 former
1419 2398 1473 2445 by
1493 2398 1674 2446 Zeugma.

168 2460 271 2497 -C.

221 2524 237 2546 ⁸
259 2525 346 2560 Sese
365 2522 524 2570 quisque
543 2522 735 2569 expedire,
758 2534 870 2558 arma
900 2528 1016 2570 atque
1044 2524 1122 2560 tela
1143 2529 1303 2572 tentare,
1327 2526 1557 2578 intendem]
1589 2531 1674 2566 Ex-

166 2591 294 2636 pedire
312 2594 369 2624 est
386 2587 544 2622 liberare
563 2586 852 2633 impedimentis·
911 2587 1071 2624 Tentare
1090 2594 1126 2625 et
1146 2594 1276 2636 aptare
1294 2596 1361 2637 est,
1383 2598 1420 2628 et
1439 2605 1674 2643 quocumque

166 2655 279 2690 modo
298 2650 463 2697 experiri
494 2661 607 2685 usum
640 2661 831 2685 armorum
865 2650 1112 2699 telorumque,
1134 2665 1218 2700 quae
1237 2655 1299 2691 hic
1332 2656 1377 2692 de
1409 2657 1512 2693 omni
1531 2658 1674 2696 instru-

167 2722 296 2755 mento
313 2714 470 2752 militari
487 2715 667 2761 capienda
687 2719 787 2760 sunt,
807 2720 852 2750 nt
871 2715 986 2751 etiam
1000 2727 1110 2753 arcus
1124 2719 1409 2767 sagittariorum
1427 2724 1672 2770 comprehen-

167 2784 271 2830 dant,
292 2791 454 2830 quorum
472 2777 604 2816 caussa
623 2779 767 2816 addidit
785 2780 1099 2820 intendere—M.

1324 2852 1469 2899 2122
