1889 3191
244 245 321 282 206
631 243 909 283 SALLUSTII
937 245 962 282 J
965 244 1350 283 UGURTHINUM.

243 361 368 406 terea
390 359 636 422 imperavit
659 361 962 417 frumentum,
985 367 1031 408 et
1051 361 1140 407 alia
1157 378 1264 424 quae
1286 361 1408 408 bello
1427 360 1535 407 usui
1549 360 1729 407 forent:

244 450 374 490 ratus
397 444 458 500 id,
488 445 613 508 quod
637 462 710 492 res
733 446 968 500 monebat,
995 446 1305 508 frequentiam
1328 446 1671 508 negotiatorum
1687 451 1734 492 et

244 529 576 576 commeatum-‘⁴³
594 529 867 591 juvaturum
893 529 1147 576 exercitum
1188 538 1234 577 et
1251 530 1350 594 jam
1385 531 1560 594 paratis
1595 530 1735 577 rebus

244 614 537 660 munimento
560 614 674 660 fore.
746 614 877 660 Inter
900 614 1003 660 haec
1038 614 1242 676 negocia,
1280 615 1522 677 ,Iugurtha
1555 615 1736 677 impen-

246 701 343 746 sius
366 700 524 746 modo‘*
544 699 724 761 legatos
750 699 983 761 supplices
1008 699 1208 754 mittere,
1244 716 1405 761 pacem
1430 716 1559 746 orare
1580 721 1592 755 ;
1617 716 1737 762 prae-

245 793 316 831 ter
356 801 488 830 suam
527 784 871 846 liberorumque
907 784 1067 839 vitam,
1108 784 1266 830 omnia
1311 784 1506 830 Metello
1551 783 1733 830 dedere.

247 871 377 924 Quos
400 870 529 925 item,
572 871 640 916 uti
686 870 874 932 priores,
904 869 1082 917 Consul
1118 870 1297 917 illectos
1334 870 1394 917 ad
1427 869 1738 932 proditionem

246 955 437 1001 domum
462 955 758 1002 dimittebat:
790 956 909 1018 Regi
931 972 1106 1018 pacem,
1129 972 1268 1019 quam
1286 955 1565 1018 postulabat,
1593 970 1739 1017 neque

248 1040 464 1095 abnuere,
494 1055 643 1102 neque
665 1039 886 1102 polliceri,
916 1047 961 1086 et
986 1041 1108 1086 inter
1133 1056 1209 1087 eas
1235 1056 1387 1087 moras
1421 1039 1655 1102 promissa
1676 1039 1740 1085 le-

257 1134 470 1187 gatorum
497 1133 753 1189 expectare.

317 1212 552 1258 XLVIII.
595 1213 625 1259 J
631 1211 848 1274 ugurtha,
876 1211 957 1258 ubi
973 1210 1157 1259 Metelli
1181 1211 1305 1258 dicta
1329 1228 1432 1258 cum
1460 1211 1593 1258 factis
1618 1227 1741 1258 com-

253 1299 427 1360 posuit,
455 1315 507 1344 ae
533 1314 579 1344 se
606 1297 702 1343 suis
743 1297 922 1343 artibus
963 1296 1135 1343 tentari
1171 1296 1529 1342 animadvortit:
1569 1296 1741 1359 quippe

251 1384 325 1430 cui
348 1383 500 1430 verbis
524 1399 615 1444 pax
640 1382 966 1437 nunciabatur,
1005 1380 1226 1428 caeterum
1250 1397 1298 1427 re
1333 1381 1507 1428 bellum
1531 1398 1743 1444 asperru-

251 1485 381 1515 mum
407 1474 519 1523 erat,
547 1467 659 1514 urbs
694 1484 914 1513 maxuma
947 1467 1160 1521 alienata,
1189 1483 1299 1529 ager
1333 1467 1551 1513 hostibus
1586 1468 1743 1529 cogni-

250 1563 343 1608 tus,
371 1553 515 1599 animi
538 1552 835 1615 popularium
871 1552 1053 1607 tentati,
1082 1560 1269 1598 coactus
1303 1568 1458 1598 rerum
1494 1554 1745 1600 necessitu-

253 1638 372 1692 dine,
413 1637 578 1683 statuit
620 1636 761 1682 armis
803 1644 995 1682 certare.
1067 1636 1220 1699 Igitur
1264 1636 1502 1699 explorato
1539 1637 1744 1684 hostium

251 1723 432 1777 itinere,
462 1722 510 1768 in
536 1738 666 1785 spem
693 1722 899 1768 victoriae
923 1721 1157 1768 adductus
1184 1738 1240 1769 ex
1263 1725 1616 1784 opportunitate
1639 1725 1742 1781 loci,

254 1824 393 1869 quam
418 1823 660 1853 maxumas
683 1807 840 1869 copias
864 1816 1020 1869 potest
1044 1809 1254 1854 omnium
1272 1825 1493 1871 generum
1519 1820 1666 1873 parat,
1694 1828 1746 1858 ac

254 1909 338 1954 per
362 1892 574 1939 tramites
600 1892 806 1938 occultos
833 1893 1085 1939 exercitum
1103 1893 1286 1940 Metelli
1308 1895 1560 1941 antevenit.
1631 1896 1746 1942 Erat

254 1977 304 2022 in
328 1981 380 2023 ea
402 1984 534 2039 parte
559 1977 817 2033 Numidiae,
843 1994 982 2040 quam
1006 1978 1248 2025 Adherbal
1270 1979 1320 2026 in
1343 1979 1569 2027 divisione
1591 1997 1747 2043 posse-

257 2061 400 2118 derat,
423 2064 601 2110 fiumen
625 2064 778 2110 oriens
819 2081 846 2110 a
870 2064 1074 2119 meridie,
1103 2065 1292 2112 nomine
1328 2065 1525 2112 Muthul
1551 2088 1562 2120 3
1605 2083 1632 2113 a
1655 2084 1747 2129 quo

257 2245 311 2281 til.
335 2246 409 2289 283
441 2245 657 2294 Fragment.
680 2246 823 2283 Histor.
845 2247 880 2292 3,
902 2248 950 2283 22
969 2260 978 2291 3
1010 2246 1067 2284 Cf.
1090 2247 1253 2285 Gronov.
1284 2249 1333 2285 ad
1351 2248 1435 2285 Liv.
1466 2250 1528 2295 26,
1549 2251 1612 2296 43,
1635 2253 1657 2287 7
1674 2265 1683 2296 ;
1713 2256 1751 2287 et

259 2312 540 2350 Drakenborch.
561 2313 610 2350 ad
629 2314 691 2359 33,
715 2314 775 2359 12,
798 2314 834 2350 2.
893 2312 911 2349 Ι
931 2313 1020 2349 take
1047 2313 1122 2350 this
1141 2317 1180 2350 to
1198 2314 1244 2351 be
1262 2325 1285 2350 a
1312 2314 1550 2363 satisfactory
1567 2314 1750 2362 explana-

259 2377 339 2413 tion
359 2377 401 2414 of
415 2378 490 2415 this
509 2377 666 2414 difficult
680 2378 949 2426 passage—C,

315 2439 329 2460 ³
350 2442 406 2478 Et
427 2440 708 2492 commeatum]
730 2441 994 2481 Commeatum
1007 2443 1146 2491 accipio
1164 2444 1209 2480 de
1226 2443 1283 2489 iis,
1300 2443 1364 2491 qui
1383 2443 1592 2492 frequentes
1601 2444 1751 2493 Vagam

263 2506 637 2542 commearent.—-M.

315 2567 329 2588 ⁴
352 2567 566 2616 Impensius
586 2567 731 2619 moda]
764 2568 851 2604 Vid.
875 2569 1033 2605 Perizon
1075 2569 1122 2605 ad
1152 2568 1278 2606 Sanct.
1307 2569 1468 2606 Minerv.
1493 2569 1557 2606 lib.
1591 2572 1628 2615 4,
1648 2581 1680 2606 c.
1716 2571 1749 2615 2,

264 2643 299 2678 p.
323 2632 411 2668 532.
452 2631 519 2668 See
537 2631 708 2676 beneath,
730 2632 787 2668 ch.
812 2633 872 2677 75,
894 2632 1010 2668 initio.
1052 2631 1089 2668 It
1106 2632 1139 2667 is
1157 2632 1372 2680 equivalent
1391 2636 1430 2668 to
1455 2643 1568 2679 supra
1585 2633 1749 2677 modum,

267 2707 308 2732 or
326 2697 531 2731 excedebat
563 2697 713 2732 modum
745 2697 940 2745 Jugurtha
972 2697 1116 2745 legatos
1148 2699 1341 2735 mittendo.
1399 2697 1498 2734 That
1524 2702 1631 2745 great
1651 2698 1753 2734 critic

268 2769 356 2806 says
366 2759 475 2806 justo
494 2760 526 2794 is
547 2760 889 2798 understood—C.
