1889 3191
242 210 318 245 258
626 208 902 248 SALLUSTH
929 208 1345 248 JUGURTHINUM.

238 325 337 372 fore
362 324 397 380 ;¹
431 331 526 381 aut,
554 326 594 372 si
617 326 860 374 Romanus
882 327 1054 374 auxilio
1077 327 1174 374 suis
1196 328 1412 382 venisset,
1438 326 1602 389 praelio
1625 342 1725 374 sese

240 417 514 458 certaturos.
585 411 711 458 Nam
747 411 943 459 callidus
982 412 1032 458 id
1067 412 1209 459 modo
1245 411 1511 468 festinabat,
1550 411 1727 459 Bocchi

240 508 405 557 pacem
443 496 722 543 imminuere
748 496 790 551 ;2
837 513 896 544 ne
929 513 1084 544 moras
1124 497 1360 559 agitando,
1399 497 1541 554 aliud,
1584 513 1725 561 quam

242 581 431 635 bellum,
459 581 634 628 mallet.

309 666 567 711 LXXXII.
607 665 882 727 Imperator,
922 669 1169 729 postquam
1210 666 1268 714 de
1311 683 1473 730 regum
1508 670 1727 717 societate

242 750 473 811 cognovit,
500 766 594 796 non
618 752 803 806 temere,
825 767 987 814 neque,
1010 752 1078 797 uti
1095 768 1220 814 saepc
1236 752 1337 815 jam
1354 753 1477 800 victo
1491 754 1729 816 Jugurtha

243 845 559 890 consueverat,
587 836 805 882 omnibus
839 836 954 883 locis
987 837 1231 899 pugnandi
1252 838 1434 900 copiam
1467 837 1612 895 facit3
1637 855 1728 886 cae-

242 918 394 966 teriim
416 919 543 966 haud
565 920 727 982 procul
751 921 808 967 ab
822 921 965 976 Cirta,
989 922 1155 969 castris
1177 923 1388 979 munitis,
1412 924 1565 987 Reges
1588 941 1730 988 oppe-

241 1006 389 1061 ritur3
428 1005 596 1053 melius
630 1014 774 1062 ratus,
813 1007 1012 1070 cognitis
1037 1008 1236 1064 Mauris,
1275 1010 1492 1072 quoniam
1516 1011 1557 1056 is
1582 1026 1730 1057 novus

244 1088 396 1135 hostis
420 1099 690 1144 accesserat,
717 1106 773 1136 ex
797 1090 1043 1137 commodo
1066 1107 1273 1154 pugnam
1298 1091 1462 1138 facere.
1532 1093 1729 1140 Interim

245 1174 395 1220 Roma
416 1191 498 1236 per
520 1175 678 1221 literas
702 1175 870 1222 certior
903 1177 971 1231 fit,
999 1177 1287 1238 provinciam
1323 1177 1600 1224 Numidiam
1625 1178 1731 1225 Ma·

242 1260 310 1306 rio
337 1259 509 1306 datam.
543 1276 652 1306 nam
677 1260 931 1308 Consulem
969 1261 1160 1317 factum,
1182 1262 1281 1325 jam
1305 1265 1442 1309 antea
1475 1274 1728 1326 acceperat.

245 1348 362 1402 Quis
385 1347 522 1392 rebus
547 1363 688 1408 supra
721 1347 896 1393 bonum
921 1355 1061 1410 atque
1094 1348 1345 1394 honestum
1369 1349 1626 1410 perculsuS‚
1652 1367 1729 1398 ne-

243 1449 331 1494 que
354 1433 584 1479 lacrumas
609 1440 781 1487 tenere,
806 1449 956 1496 neque
985 1433 1216 1479 moderari
1249 1433 1458 1496 linguam
1479 1455 1492 1490 ;
1512 1435 1581 1481 vir
1605 1452 1730 1498 egre·

246 1517 350 1578 gius
385 1518 433 1563 in
471 1517 574 1563 aliis
611 1518 807 1573 artibus,
844 1518 985 1564 nimis
1019 1518 1223 1564 molliter
1251 1518 1578 1581 aegritudinem
1612 1522 1729 1583 pati.

246 1604 400 1658 Quam
425 1619 522 1649 rem
548 1603 626 1649 alii
649 1603 698 1649 in
735 1604 999 1667 superbiam
1034 1604 1312 1660 vortebant;
1350 1604 1428 1650 alii
1462 1605 1638 1653 bonum
1662 1607 1732 1653 in-

244 1695 434 1756 genium
480 1692 762 1740 contumelia
807 1709 1051 1740 accensum
1093 1709 1193 1740 esse
1211 1692 1241 1748 ;¹
1279 1693 1430 1748 multi,
1475 1694 1598 1757 quod
1631 1695 1731 1759 jam

242 1789 377 1843 parta
398 1780 591 1826 victoria
615 1797 672 1826 ex
694 1780 912 1826 manibus
948 1781 1230 1842 eriperetur:
1270 1780 1405 1826 nobis
1429 1781 1544 1827 satis
1577 1782 1733 1844 cogni-

243 1874 358 1920 tum,
384 1865 514 1912 illum
539 1866 688 1928 magis
713 1865 889 1912 honore
915 1866 1070 1920 Marii,
1100 1865 1235 1928 quam
1273 1865 1442 1929 injuria
1466 1867 1550 1913 sua
1573 1883 1733 1914 excru-

299 2046 485 2084 LXXXI.
516 2044 527 2068 ¹
558 2047 692 2095 Operoe
703 2048 846 2094 pretim
856 2045 982 2097 fore]
1014 2048 1183 2084 Kritzius
1201 2049 1269 2084 bas
1288 2061 1310 2085 a
1329 2049 1419 2096 long
1436 2053 1523 2084 note
1541 2048 1638 2094 here,
1659 2051 1733 2086 and

248 2122 419 2147 censure-s
439 2111 606 2147 Perizon.
637 2122 685 2147 on
706 2110 845 2157 Sanct.‚
866 2113 902 2157 4,
923 2112 959 2156 4,
981 2122 1016 2158 p.
1041 2113 1128 2156 165,
1158 2112 1212 2148 ed.
1236 2111 1330 2147 Bau.
1389 2112 1462 2148 His
1488 2112 1733 2159 explanation

246 2175 277 2210 is
300 2173 398 2220 (scil.
422 2173 567 2223 Kritz.)
588 2174 678 2222 Jug.
700 2178 806 2210 ratus
823 2178 890 2220 est,
913 2175 944 2211 si
961 2175 1090 2211 urbem
1111 2176 1277 2221 cepisset,
1298 2174 1341 2210 id
1358 2175 1529 2221 pretium,
1550 2175 1574 2210 i.
1593 2188 1622 2211 e.
1644 2176 1734 2212 satis

248 2249 430 2285 magnum
460 2238 710 2283 commodum,
731 2238 808 2274 fore
827 2249 959 2285 operoe,
981 2239 1005 2274 i,
1027 2250 1057 2275 e.
1081 2238 1218 2274 laboris
1237 2243 1274 2275 et
1292 2238 1446 2285 periculi
1465 2239 1505 2273 in
1526 2251 1569 2274 ea
1590 2251 1631 2274 re
1649 2251 1733 2274 sus—

247 2301 457 2347 cepti.—-C.

297 2363 313 2385 ’
334 2364 574 2411 Festinabat,
597 2363 742 2401 Bocchi
763 2376 901 2412 pacem
930 2363 1182 2414 imminuere]
1214 2365 1432 2402 Festinabat
1458 2364 1661 2412 Jugurtha,
1693 2372 1736 2403 nt

250 2431 452 2475 Bocchum,
472 2430 635 2466 facinore
652 2429 826 2475 admisso,
848 2430 896 2466 ad
914 2429 1113 2466 sanitatem
1134 2429 1270 2465 reverti
1297 2428 1572 2475 puderet—M.

305 2495 512 2531 LXXXII.
545 2491 555 2515 ¹
590 2493 787 2541 Inyem'um
826 2494 1053 2530 contumelia
1091 2505 1289 2529 accensum
1326 2491 1439 2542 essa]
1479 2493 1647 2530 Perizon.
1687 2505 1734 2530 on

250 2558 376 2597 sanet„
397 2560 556 2595 Minerv.
579 2561 614 2603 4,
638 2560 672 2604 5,
694 2564 781 2595 note
802 2560 836 2604 7,
857 2569 954 2606 page
983 2559 1071 2603 663,
1093 2569 1191 2606 says,
1222 2558 1577 2606 interpretabantur
1602 2559 1635 2595 is
1662 2571 1734 2595 un-

249 2623 431 2658 derstood.
488 2622 597 2658 With
617 2621 668 2657 all
695 2623 768 2658 due
786 2622 974 2658 deference
1001 2625 1040 2658 to
1060 2622 1145 2658 that
1171 2627 1429 2658 consummate
1456 2621 1612 2668 scholar,
1634 2621 1652 2657 Ι
1671 2634 1732 2658 am

250 2685 419 2731 ‹lisposed
439 2689 478 2720 to
494 2685 606 2721 think
624 2685 654 2720 it
668 2685 791 2721 would
809 2686 855 2721 be
873 2685 994 2721 better
1005 2690 1044 2721 to
1059 2684 1158 2720 elicit
1176 2684 1364 2731 dicebant,
1379 2695 1420 2721 or
1439 2685 1650 2730 censebant,
1668 2690 1732 2720 out

250 2748 292 2784 of
305 2747 510 2784 vertebant.
571 2746 637 2784 See
654 2751 740 2784 note
755 2759 801 2782 on
822 2760 851 2784 c.
879 2750 936 2791 14,
954 2747 995 2783 of
1009 2746 1199 2794 Jug.-c.
