1889 3191
489 247 768 287 SALLUSTII
795 245 1215 284 JUGURTHINUM.
1531 244 1606 280 235

113 377 253 426 tores,
273 368 391 416 alios
414 366 529 429 ipse,
550 365 798 429 plerosque
817 379 925 426 spes
941 361 1068 426 pacis
1084 360 1298 424 impellit,
1317 361 1387 407 uti
1408 360 1609 406 Romam

119 455 179 501 ad
197 470 307 502 suos
329 452 616 500 necessarios
632 451 792 514 aspere
816 450 866 496 in
884 448 1136 496 Metellum
1159 447 1217 495 de
1239 446 1362 494 bello
1387 446 1608 502 scribant,

123 537 333 584 Marium
354 536 687 599 imperatorem
710 540 926 597 poscant.
999 532 1075 579 Sic
1091 531 1161 578 illi
1185 547 1211 578 a
1228 528 1392 577 multis
1406 528 1614 575 mortali-

115 623 204 669 bus
218 621 571 669 honestissuma
596 618 951 683 suffragatione⁷
977 617 1249 666 consulatus
1263 615 1526 680 petebatur,
1556 613 1615 660 si-

116 707 216 754 mul
251 723 306 754 ea
326 714 608 770 tempestate
631 706 806 770 plebes,
835 704 1082 752 nobilitate
1105 703 1210 750 fusa
1227 719 1312 766 per
1334 702 1487 766 legem
1510 701 1616 748 Ma-

117 792 338 850 miliam,⁸
361 810 508 841 novos
533 792 801 840 extollebat.
873 792 950 838 Ita
974 790 1130 838 Mario
1154 796 1324 837 cuncta
1346 787 1614 852 procedere.

185 880 365 927 LXVI.
404 881 538 927 Inter
553 896 601 926 m
617 880 649 927 J
654 878 860 941 ugurtha
877 881 1143 941 postquam,
1167 876 1340 923 omissa
1360 875 1614 929 deditione,

119 966 292 1013 bellum
315 966 498 1029 incipit,
529 982 636 1012 cum
660 964 832 1027 magna
855 964 965 1011 cura
990 979 1154 1026 parare
1177 962 1348 1018 omnia,
1378 961 1614 1016 festinare,

119 1067 282 1114 cogere
307 1050 564 1098 exercitum
583 1069 593 1096 z
632 1050 857 1103 civitates,
885 1065 990 1111 quae
1025 1048 1084 1095 ab
1121 1064 1170 1095 se
1207 1047 1488 1103 defecerant,
1524 1047 1618 1094 for-

119 1136 313 1192 midine,
358 1144 439 1182 aut
473 1135 756 1183 ostentando
794 1133 993 1197 praemia
1028 1132 1263 1180 adfectare
1285 1150 1295 1179 :
1333 1132 1623 1179 communire

122 1238 232 1269 suos
256 1221 400 1277 locOS‚
427 1237 570 1277 arma,
601 1220 708 1276 tela,
736 1220 840 1276 alia,
869 1236 975 1283 quae
997 1235 1081 1282 spe
1105 1218 1235 1282 pacis
1260 1218 1494 1274 amiserat,
1521 1219 1625 1265 refi-

122 1307 258 1363 cere,l
286 1314 368 1354 aut
392 1307 695 1354 commercari
718 1326 729 1354 :
769 1306 957 1353 servitia
979 1305 1303 1353 Romanorum
1338 1305 1550 1362 adlicere,
1581 1313 1627 1353 et

123 1410 202 1441 eos
226 1396 372 1457 ipsos,
401 1395 483 1458 qui
505 1394 556 1441 in
576 1394 795 1457 presidiis
820 1399 968 1449 erant,
989 1393 1186 1456 pecunia
1203 1398 1385 1440 tentare
1403 1411 1413 1439 τ
1435 1396 1627 1456 prorsus

121 1479 243 1526 nihil
264 1480 512 1536 intactum,
532 1496 683 1543 neque
709 1480 921 1543 quietum
938 1479 1041 1542 pati
1059 1497 1069 1525 :
1097 1484 1266 1525 cuncta
1284 1477 1479 1541 agitare.
1533 1478 1629 1541 Igi-

123 1572 201 1613 tur
223 1566 480 1629 Vagenses,
510 1566 602 1629 quo
627 1565 854 1612 Metellus
877 1564 1030 1620 initio,
1059 1564 1091 1612 J
1093 1564 1302 1628 ugurtha
1335 1564 1626 1628 pacificante,

127 1650 407 1714 praesidium
441 1651 749 1714 imposuerat,
788 1650 976 1713 fatigati
1011 1649 1156 1712 Regis
1194 1650 1453 1713 suppliciis,
1480 1667 1632 1714 neque

127 1738 263 1785 antea
284 1737 526 1785 voluntate
551 1737 758 1793 alienati,
783 1737 1020 1800 principes
1055 1735 1278 1783 eivitatis2
1303 1736 1427 1784 inter
1451 1753 1500 1784 se
1526 1753 1634 1784 con-

130 1891 232 1928 Ordo
249 1889 538 1938 publicanorum
556 1902 608 1927 ex
627 1890 754 1927 ordine
784 1893 864 1926 erat
883 1890 1055 1937 equestri.
1112 1888 1186 1925 We
1212 1889 1311 1926 have
1330 1888 1407 1926 this
1434 1889 1635 1926 confirmed

131 1957 185 2004 by
203 1955 302 1992 Vell.
324 1955 410 1992 Pat-
434 1957 469 2001 ⁶2,
491 1967 572 2002 cap.
598 1957 658 2001 11,
683 1956 758 1992 Hic
785 1967 851 2002 per
877 1955 1099 2002 publicanos
1127 1954 1293 2002 aliosque
1311 1955 1352 1991 in
1370 1953 1501 1992 Africa
1518 1966 1635 2003 nego—

131 2021 280 2065 tiantes,
302 2020 524 2056 criminatus
542 2019 688 2056 Metelli
705 2019 962 2065 lenitudinem,
987 2018 1165 2056 &c.-—M.

186 2082 199 2102 ⁷
224 2082 550 2133 Suffrayatione.]
584 2083 675 2120 This
693 2084 798 2119 word
816 2094 946 2119 means
965 2083 1133 2119 studium
1151 2082 1311 2129 parandi
1330 2082 1520 2131 suffragia.
1553 2083 1635 2118 Liv.

133 2160 218 2185 uses
236 2148 278 2193 it,
299 2147 364 2184 lib.
386 2149 421 2193 4,
439 2159 470 2184 e.
492 2149 555 2194 44,
577 2147 701 2184 where
719 2148 784 2184 the
802 2147 954 2184 learned
972 2147 1210 2193 interpreters
1238 2147 1337 2183 have
1354 2150 1422 2184 not
1448 2147 1637 2194 forgotten

137 2224 206 2249 our
225 2211 476 2249 author.—C.

190 2275 206 2296 ⁹
226 2276 305 2312 Per
325 2276 441 2324 leyem
464 2273 722 2325 Mamiliam]
745 2275 804 2312 De
822 2276 894 2311 hac
913 2274 995 2323 lege
1014 2272 1187 2311 Mamili&⁴
1206 2274 1312 2321 mira,
1333 2273 1506 2323 glossarii
1524 2280 1562 2312 et
1579 2275 1639 2311 in-

139 2348 319 2390 terpretes
338 2352 416 2378 non
433 2341 651 2389 intelligunt
679 2341 805 2387 aliam,
826 2353 942 2390 quam
970 2343 1079 2390 cujus
1108 2352 1229 2388 supra,
1262 2353 1341 2388 cap.
1363 2342 1426 2387 40,
1455 2342 1557 2378 facta
1585 2347 1642 2378 est

139 2409 302 2453 mentio;
333 2407 403 2444 etsi
420 2408 473 2444 ibi
491 2406 640 2456 rogatio
659 2408 884 2445 nominetur.
941 2407 1044 2444 Nam
1062 2408 1207 2455 perlata
1221 2408 1425 2456 rogatione,
1443 2419 1559 2456 eaque
1576 2411 1641 2458 ju-

141 2484 183 2509 sa
202 2485 224 2509 a
241 2471 381 2519 populo
399 2471 467 2507 lex
484 2472 686 2509 erat.-M.

198 2538 345 2576 LXVI.
376 2534 388 2556 ¹
411 2536 617 2587 Reficere.]
647 2538 736 2574 Non
756 2542 812 2575 est
830 2549 1000 2585 reparere
1027 2542 1074 2585 et,
1096 2539 1303 2585 emendare,
1326 2540 1391 2577 sed
1408 2540 1556 2587 iterum,
1578 2542 1644 2578 de-

142 2615 219 2641 nuo
237 2603 482 2640 facere—M.

197 2663 213 2685 ²
243 2669 441 2716 Vayenses,
463 2668 788 2715 quo—principes
808 2668 988 2714 civitatis,
1013 2666 1100 2718 δια]
1123 2669 1295 2706 Kritzius
1313 2670 1405 2708 calls
1424 2684 1605 2720 vayenses
1625 2685 1648 2709 a

144 2736 377 2773 nominative
397 2733 578 2771 absolute.
638 2734 658 2770 Ι
676 2734 798 2782 prefer
829 2736 936 2772 what
967 2735 1094 2773 Sanct.
1115 2737 1191 2772 and
1210 2736 1379 2774 Perizon.
1401 2750 1470 2787 say
1489 2739 1531 2775 of
1553 2741 1647 2776 such

147 2800 400 2838 construction
419 2799 460 2835 in
478 2799 544 2836 the
562 2798 739 2846 Minerv„
762 2804 802 2836 at
829 2800 895 2836 the
908 2801 1019 2837 word
1038 2800 1217 2849 Zeugma.
1277 2802 1385 2851 They
1404 2803 1503 2840 have
1522 2805 1646 2852 given,
