1889 3191
276 249 350 284 ⁵222
660 248 937 288 SALLUSTII
964 250 989 287 J
991 248 1379 288 UGURTHINUM.

273 362 491 418 Romani,
517 379 602 425 pro
624 363 811 426 ingenio
844 365 1072 428 quisque,l
1095 380 1205 427 pars
1239 362 1423 412 eminus
1451 361 1633 425 glande,
1670 368 1753 409 aut

274 445 510 508 lapidibus
554 462 764 508 pugnare
790 466 802 500 ;
857 446 936 492 alii
985 446 1241 501 succedere,
1280 461 1333 491 ac
1375 460 1564 491 murum
1612 441 1754 490 modo

276 529 538 583 subfodere,
564 529 703 575 modo
729 529 865 576 scalis
889 529 1081 591 adgredi
1106 548 1117 575 ι
1159 544 1326 588 cupere
1358 528 1575 591 praelium
1608 527 1757 574 mani-

273 613 363 658 bus
385 612 550 659 facere.
618 612 795 658 Contra
828 629 882 658 ea
915 611 1140 674 oppidani
1161 612 1211 658 in
1233 627 1486 674 proxumos
1515 628 1627 659 saxa
1657 611 1756 658 vol-

276 713 382 744 vere
401 717 413 751 ;
452 695 605 750 sudeS,
654 695 790 758 pila‚²
826 699 1052 758 praeterea
1089 696 1242 758 picem
1288 696 1512 758 sulphure
1545 702 1593 743 et
1636 695 1760 743 taeda

276 780 472 827 mixtam
490 779 702 826 ardentia
714 779 938 826 mittere.³
1008 779 1099 826 Sed
1113 795 1197 826 nec
1213 779 1333 834 illos,
1355 779 1434 841 qui
1453 780 1615 842 procul
1630 796 1760 827 man-

277 870 446 919 serant,
473 863 615 910 timor
637 864 781 910 animi
805 864 918 910 satis
952 863 1215 909 muniverat
1238 882 1250 917 ;
1291 879 1400 909 nam
1423 863 1669 926 plerosque
1687 863 1759 926 ja-

277 949 381 996 cula
402 948 664 1001 tormentis,
702 954 784 994 aut
817 964 961 994 manu
996 948 1168 995 emissa
1201 948 1533 994 volnerabant:
1570 947 1761 1010 parique

277 1033 497 1094 periculo,
525 1033 610 1080 sed
632 1033 758 1080 fama
781 1033 964 1096 impari,
990 1033 1102 1079 boni
1125 1039 1264 1095 atque
1287 1032 1443 1095 ignavi
1465 1041 1613 1079 erant.

342 1119 529 1166 LVIII.
568 1119 696 1165 Dum
720 1119 847 1181 apud
870 1119 1059 1164 Zamam
1097 1118 1163 1164 sic
1186 1124 1404 1172 certatur,
1432 1117 1464 1164 J
1468 1115 1673 1179 ugurtha
1705 1131 1762 1162 ex

277 1204 530 1266 improviso
554 1210 707 1250 castra
728 1203 936 1250 hostium
961 1219 1068 1249 cum
1091 1204 1260 1265 magna
1284 1218 1426 1249 manu
1446 1201 1651 1248 invadit:
1694 1216 1763 1247 re-

276 1287 449 1342 missis,
474 1287 554 1350 qui
576 1287 625 1333 in
648 1287 871 1349 praesidio
895 1294 1040 1343 erant,
1058 1295 1104 1333 et
1127 1287 1284 1333 omnia
1307 1287 1470 1349 magis,
1491 1289 1630 1349 quam
1644 1302 1762 1349 prae-

275 1374 392 1420 lium
429 1373 823 1435 exspectantibus,
863 1379 1048 1434 portam
1084 1371 1321 1433 irrumpit.
1391 1371 1458 1417 At
1487 1371 1652 1426 nostri,
1691 1386 1762 1416 re-

277 1459 470 1520 pentino
508 1464 641 1504 metu
662 1457 878 1520 perculsi,
918 1456 1006 1502 sibi
1030 1456 1226 1519 quisque
1260 1471 1346 1517 pro
1369 1454 1578 1501 moribus
1601 1470 1765 1502 consu-

278 1543 414 1588 lunt:
452 1541 531 1588 alii
553 1541 730 1604 fugere,
769 1541 849 1587 alii
883 1557 1012 1587 arma
1046 1556 1237 1602 capere:
1276 1556 1445 1603 magna
1478 1555 1587 1601 pars
1611 1540 1766 1587 volne-

278 1626 398 1682 rati,¹
423 1632 505 1672 aut
529 1626 682 1672 occisi.
753 1623 989 1672 Caeterum
1013 1640 1069 1670 ex
1093 1624 1220 1670 omni
1235 1623 1537 1671 multitudine
1550 1639 1646 1671 non
1668 1640 1764 1671 am-

277 1711 402 1772 plius
427 1710 734 1773 quadraginta
756 1726 987 1757 memores
1010 1709 1214 1756 nominis
1242 1706 1485 1764 Romani,²
1507 1725 1647 1772 grege
1669 1709 1763 1756 fac-

332 1863 455 1901 LVII.
487 1861 498 1884 ¹
521 1864 602 1901 Pro
622 1865 771 1912 inqenio
792 1862 981 1913 quisque]
1014 1864 1113 1900 That
1131 1863 1172 1908 is,
1195 1861 1392 1909 according
1411 1872 1453 1897 as
1471 1861 1562 1909 they
1582 1872 1678 1898 were
1697 1863 1764 1898 ad-

279 1932 484 1966 venturous
503 1941 545 1966 οι·
562 1940 665 1964 more
682 1927 938 1964 fearful.-—M.

334 1989 348 2010 ²
367 1990 496 2037 sudes,
513 1991 612 2039 pila,
637 1989 722 2039 δια]
756 1990 926 2026 Kritzius
945 1990 1060 2034 reads,
1084 1989 1212 2034 sudes,
1235 1988 1320 2035 pila,
1342 1993 1519 2035 praeterea
1537 1988 1617 2034 pice
1635 1992 1673 2025 et
1691 1988 1768 2024 sul-

277 2053 396 2099 phure
415 2055 554 2090 taedam
571 2054 736 2089 mixtam
755 2053 900 2089 ardenti
919 2053 1077 2088 mittere.
1136 2052 1204 2089 See
1222 2053 1280 2088 his
1297 2051 1389 2099 long
1406 2050 1605 2088 note.—C.

331 2113 345 2135 ³
366 2116 557 2152 Ardentia
578 2113 760 2164 mittere]
791 2114 973 2150 Ardentia
999 2126 1065 2161 pro
1093 2115 1286 2151 ardentem
1312 2114 1478 2160 positum
1505 2117 1570 2159 est,
1592 2110 1648 2159 eo,
1669 2115 1769 2160 quod

279 2179 326 2214 ad
346 2178 486 2215 multas
505 2178 618 2214 simul
645 2189 712 2223 res,
734 2189 818 2224 quae
846 2177 1035 2224 ardebant,
1057 2177 1177 2223 picem
1204 2187 1347 2223 nempe,
1378 2175 1544 2223 sulphur,
1566 2180 1604 2212 et
1630 2176 1767 2212 taedam

277 2243 394 2279 oratio
411 2242 690 2278 refertum—M.

331 2305 478 2341 LVIII.
510 2303 521 2324 ¹
544 2304 696 2351 Mayna
710 2315 809 2350 pars
828 2302 1051 2353 volnerati]
1084 2303 1153 2341 See
1171 2315 1251 2351 cap.
1273 2305 1334 2349 89,
1355 2308 1442 2341 note
1462 2303 1609 2340 3.-M.

330 2367 344 2389 ²
367 2369 555 2406 Memores
574 2368 738 2404 nominis
759 2366 960 2416 Romani]
991 2368 1071 2404 'Ibe
1106 2369 1273 2404 Romans
1301 2379 1398 2404 were
1427 2367 1562 2404 looked
1589 2379 1690 2415 upon
1718 2369 1768 2416 by

277 2438 341 2472 the
360 2436 478 2472 world
497 2436 611 2472 about
638 2435 742 2470 them
761 2445 803 2469 as
831 2445 854 2470 a
871 2433 1002 2469 nation
1029 2433 1070 2469 of
1084 2433 1223 2477 heroes,
1245 2433 1320 2468 and
1338 2432 1403 2468 the
1429 2431 1559 2478 people
1585 2431 1627 2468 of
1651 2431 1769 2469 Rome

277 2512 372 2536 were
391 2501 511 2546 proud
529 2500 571 2535 of
586 2499 649 2535 the
668 2509 789 2542 name,
811 2508 852 2533 as
878 2497 1084 2543 importing
1112 2497 1325 2542 something
1351 2499 1458 2542 great
1477 2496 1552 2531 and
1579 2494 1742 2543 glorious
1758 2508 1767 2538 3

276 2565 473 2600 insomuch
491 2564 576 2600 that
595 2562 659 2598 the
677 2562 766 2598 bare
785 2560 1057 2597 consideration
1084 2560 1125 2595 of
1139 2560 1236 2595 their
1254 2559 1367 2606 being
1385 2558 1553 2594 Romans
1580 2558 1683 2594 often
1709 2559 1768 2594 in-

279 2628 400 2674 spired
418 2629 520 2663 them
540 2627 635 2663 with
654 2626 874 2662 sentiments
893 2624 934 2660 of
948 2625 1092 2660 honour
1111 2624 1186 2659 and
1213 2621 1413 2658 invincible
1431 2621 1710 2669 courage.-M.

336 2688 426 2724 Non
445 2690 610 2734 amplius
630 2689 891 2735 quadrayinta
911 2698 1090 2722 memores
1110 2686 1283 2730 nominis,
1308 2682 1395 2733 δια]
1434 2682 1558 2725 Quam
1578 2683 1610 2719 is
1629 2683 1766 2718 under-

279 2752 395 2788 stood.
452 2751 537 2787 You
568 2762 658 2798 may
677 2761 736 2787 see
768 2750 905 2786 almost
936 2749 987 2785 all
1006 2749 1070 2785 the
1103 2747 1298 2794 examples
1330 2747 1372 2784 of
1386 2747 1450 2783 the
1470 2745 1609 2792 ellipsis
1627 2745 1669 2782 of
1691 2746 1768 2782 this
