1889 3191
567 264 847 311 SALLUSTII
876 270 1146 309 CATILIXA.
1555 270 1604 305 97

117 399 223 448 tas3
258 390 488 438 malarum
510 406 667 437 rerum
702 388 896 436 audacia
928 387 1157 435 fortitudo
1184 392 1388 433 vocatur.
1426 387 1478 432 eo
1513 403 1608 433 res-

116 476 304 541 publica
325 476 375 522 in
399 482 608 523 extremo
633 475 739 523 sita.
795 475 902 522 Sint
925 476 1052 530 sane,
1076 473 1296 537 quoniam
1311 473 1379 519 ita
1396 489 1443 519 se
1458 487 1611 518 mores

116 563 311 618 habent,
336 562 551 609 liberales
574 578 632 609 ex
655 562 887 609 sociorum
917 560 1133 616 fortunis,
1162 559 1257 606 sint
1287 557 1611 606 misericordes

117 651 169 698 in
190 649 374 697 furibus
398 649 579 705 aerarii;
604 665 665 696 ne
687 649 780 696 illis
797 647 1074 710 sanguinem
1089 652 1304 693 nostrum
1322 644 1583 707 largiantur
1601 665 1611 699 ;

119 746 181 795 et,
208 739 322 785 dum
345 737 508 801 paucis
533 736 768 783 sceleratis
791 742 1005 798 parcunt,
1028 735 1176 781 bonos
1201 732 1354 779 omnis
1378 731 1615 795 perditum

119 833 243 872 eant.
316 825 445 872 Bene
468 831 516 871 et
555 824 818 887 composite
845 823 900 870 C.
928 824 1090 870 Caesar
1114 821 1268 884 paullo
1297 821 1409 867 ante
1443 820 1492 865 in
1527 819 1617 865 hoc

121 911 284 958 ordine
320 911 376 957 de
399 910 497 957 vita
532 920 579 957 et
613 918 763 956 morte
799 909 1050 962 disseruit3
1084 908 1216 963 falsa,
1255 906 1406 961 credo,
1446 905 1618 952 existu-

120 1014 271 1053 mans,
300 1014 406 1060 quae
431 997 488 1043 de
510 995 672 1043 inferis
696 1002 1016 1042 memorantur
1037 1013 1047 1040 :
1076 994 1258 1040 diverso
1280 993 1447 1039 itinere
1471 990 1620 1037 malos

123 1100 151 1131 a
174 1084 310 1130 bonis
333 1083 435 1129 loca
457 1089 594 1137 tetra,
627 1082 819 1136 inculta,
847 1080 987 1135 foeda,
1027 1087 1165 1142 atque
1200 1077 1507 1124 formidolosa
1540 1076 1622 1121 ha-

126 1169 248 1216 bere.
287 1168 454 1226 Itaque
478 1166 673 1222 censuit,
703 1180 975 1212 PECUNIAS
1000 1179 1196 1210 EORcM
1224 1175 1620 1215 PUBLICANDAS,

127 1270 283 1301 IPSOS¹
302 1269 409 1301 PER
433 1268 738 1300 MUNICIPIA
763 1268 824 1298 IN
852 1266 1138 1299 cosronns
1164 1262 1481 1297 HABENDos:
1500 1246 1625 1293 vide-

123 1340 234 1387 licet
257 1339 447 1395 timens,
471 1355 545 1395 ne,
575 1339 615 1385 si
639 1339 806 1385 Romae
832 1338 940 1393 sint,
969 1345 1050 1384 aut
1074 1355 1100 1384 a
1136 1336 1441 1400 popularibus
1465 1335 1626 1398 conju-

125 1426 336 1482 rationis,
363 1432 446 1472 aut
468 1443 496 1472 a
519 1426 825 1472 multitudine
861 1425 1091 1472 conducta
1116 1441 1200 1488 per
1221 1425 1318 1471 vim
1343 1423 1625 1486 eripiantur.

128 1509 278 1565 Quasi
299 1511 406 1555 vero
429 1509 542 1556 mali
576 1515 715 1572 atque
752 1508 936 1555 scelesti
971 1507 1301 1555 tantummodo
1335 1507 1386 1553 in
1421 1507 1551 1561 urbe,
1581 1514 1627 1552 et

128 1612 225 1642 non
245 1612 331 1658 per
354 1602 503 1642 totam
527 1596 717 1642 Italiam
743 1596 838 1642 sint
858 1616 869 1651 3
909 1602 989 1641 aut
1013 1611 1110 1641 non
1144 1595 1210 1641 ibi
1233 1594 1340 1657 plus
1373 1594 1527 1656 possit
1550 1609 1629 1639 au·

131 1682 277 1738 dacia,
304 1682 386 1728 ubi
409 1682 469 1729 ad
484 1681 832 1729 defendendum
851 1698 964 1744 opes
982 1681 1204 1728 minores.
1277 1681 1434 1736 Quare
1456 1696 1630 1726 vanum

132 1768 349 1832 equidem
373 1768 463 1816 hoc
487 1769 749 1824 consilium,
780 1768 820 1814 si
853 1768 1114 1831 periculum
1138 1784 1192 1814 ex
1216 1767 1310 1813 illis
1338 1766 1523 1821 metuit,
1553 1765 1627 1811 sin

130 1855 182 1901 in
204 1863 339 1901 tanto
365 1855 577 1902 omniurn
603 1862 734 1901 metu
759 1854 886 1901 solus
911 1870 1007 1900 non
1031 1854 1168 1900 timet
1191 1874 1202 1908 3
1240 1856 1291 1899 eo
1315 1852 1466 1914 magis
1489 1851 1631 1898 refert

132 1941 250 1988 mihi
287 1948 427 2004 atque
460 1941 594 1988 vobis
625 1941 829 1987 timeres*
898 1941 1069 1996 Quare,
1098 1939 1204 1986 cum
1241 1939 1298 1985 de
1334 1939 1389 1985 P.
1429 1937 1632 1985 Lentulo

135 2027 410 2090 caeterisque
443 2027 677 2084 statuetis,
719 2043 806 2090 pro
842 2034 968 2073 certo
1013 2026 1250 2081 habetote,
1293 2041 1376 2072 vos
1401 2024 1541 2071 simul
1577 2023 1634 2069 de

135 2115 342 2161 exercitu
377 2114 612 2170 Catilinae,
650 2122 697 2160 et
732 2114 789 2161 de
824 2113 1043 2160 omnibus
1079 2112 1334 2176 conjuratis
1370 2111 1632 2158 decernere.

137 2200 327 2255 Quanto
350 2216 431 2247 vos
455 2201 683 2247 attentius
707 2218 761 2248 ea
794 2202 959 2265 agetis,
986 2208 1120 2247 tanto
1154 2199 1248 2245 illis
1284 2198 1470 2244 animus
1503 2198 1633 2243 infir-

136 2286 258 2332 mior
281 2286 386 2333 erit.
412 2286 452 2332 si
476 2286 722 2350 paululum
757 2287 896 2334 modo
920 2304 1003 2334 vos
1037 2287 1259 2348 languere
1294 2284 1513 2339 viderint,
1535 2283 1636 2346 jam

138 2387 301 2418 omnes
325 2372 501 2419 feroces
526 2372 741 2419 aderunt.
813 2373 976 2420 Nolite
994 2372 1290 2425 existumare,
1311 2369 1511 2432 majores
1530 2384 1636 2414 nos-

142 2457 400 2503 trosarmis
434 2458 777 2520 rempublicam
813 2475 871 2505 ex
903 2460 1048 2521 parra
1082 2473 1305 2520 magnam
1329 2456 1512 2502 fecisse.
1585 2453 1635 2500 Si

139 2542 208 2588 ita
229 2557 304 2588 res
328 2549 466 2598 esset,
493 2543 643 2589 multo
666 2543 1048 2606 pulcherrumam
1075 2560 1176 2590 eam
1210 2558 1296 2588 nos
1320 2541 1603 2588 haberemus
1625 2559 1635 2585 :

140 2628 316 2691 quippe
342 2628 575 2675 sociorum
600 2636 740 2691 atque
775 2629 961 2684 civium,
987 2629 1214 2692 praeterea
1238 2643 1475 2674 armorum
1499 2633 1638 2690 atque

197 2759 213 2781 ⁴
233 2761 368 2811 Refert
385 2761 480 2798 mihi
499 2766 614 2810 atque
633 2762 737 2798 vobis
756 2759 923 2811 timere]
956 2761 993 2798 It
1011 2762 1043 2798 is
1062 2761 1152 2797 thus
1179 2764 1219 2797 to
1237 2760 1283 2796 be
1310 2759 1490 2805 resolved,
1513 2757 1641 2794 Refert

143 2839 203 2865 me
222 2829 318 2865 mihi
337 2832 451 2876 atque
469 2840 538 2865 vos
557 2827 666 2864 vobis
684 2827 938 2864 timere.—M.

1407 2904 1441 2933 Κ
