1889 3191
232 212 308 247 292
609 211 886 252 SALLUSTII
914 214 940 251 J
943 213 1232 253 UGURTHIN
1233 212 1326 251 ΠΜ.

225 332 377 372 ratore
411 326 540 374 labos
573 328 836 377 volentibus
870 330 1033 377 esset.⁵
1100 330 1164 377 Et
1198 330 1311 377 sane
1335 329 1519 376 Marius
1552 330 1665 393 illoq
1689 349 1702 384 ;

227 416 274 455 et
297 409 400 456 aliis
422 411 714 473 temporibus
737 413 860 469 belli,
885 414 1063 475 pudore
1085 414 1249 476 magis,
1269 417 1406 476 quam
1420 413 1557 470 malo,
1585 429 1712 461 exer-

225 491 370 538 citum
395 493 662 539 coercebat:
700 494 825 555 quod
859 494 996 540 multi
1030 510 1113 555 per
1146 495 1450 542 ambitionem
1487 496 1588 542 fieri
1621 495 1712 543 aie-

223 576 337 622 bant
362 596 373 630 ;
415 593 524 638 pars
549 576 672 638 quod
695 578 719 622 εἴ
741 578 941 638 pueritia
964 584 1233 624 consuetam
1271 579 1505 635 duritiam,
1534 587 1580 627 et
1603 580 1706 636 alia,

223 677 328 722 quae
353 660 509 707 caeteri
547 661 758 707 miserias
795 669 978 718 vocant,
1005 663 1237 725 voluptati
1259 664 1537 711 habuisset.⁶
1604 665 1712 712 Nisi

223 753 379 791 tamen
404 761 477 791 res
499 744 687 806 publiea
718 746 906 808 pariter,
944 762 997 792 ac
1033 747 1307 793 saevissumo
1341 747 1553 810 imperio,
1590 749 1709 796 bene

224 838 363 893 atque
387 829 556 876 decore
580 836 729 892 gesta.

289 912 372 960 CI.
411 913 564 975 Igitur
603 921 768 977 quarto
792 915 991 979 denique
1014 916 1101 972 die,
1142 916 1269 964 haud
1292 917 1432 979 longe
1456 917 1513 964 ab
1537 916 1711 979 oppido

225 997 370 1053 Cirta,
397 998 602 1061 undique
626 999 767 1046 simul
807 1001 1121 1063 speculatores
1157 1001 1237 1048 citi
1273 1017 1372 1049 sese
1396 1002 1651 1049 ostendunt
1677 1001 1714 1056 3¹

225 1081 316 1144 qua
339 1098 388 1129 re
425 1083 576 1130 hostis
613 1084 775 1131 adesse
814 1085 1107 1147 intelligitur.
1180 1086 1272 1132 Sed
1306 1086 1414 1149 quia
1448 1086 1621 1134 divorsi
1643 1103 1713 1134 re-

223 1169 433 1226 deuntes,
462 1170 580 1216 alius
604 1172 661 1217 ab
686 1171 777 1218 alia
798 1179 945 1233 parte,
974 1180 1113 1235 atque
1148 1188 1309 1219 omnes
1332 1172 1456 1218 idem
1482 1171 1712 1234 significa—

221 1253 368 1309 bant;
398 1253 574 1300 Consul
608 1255 827 1311 incertus,
856 1272 1058 1318 quonam
1092 1256 1229 1302 modo
1263 1256 1408 1303 aciem
1442 1256 1709 1312 instrueret,

222 1340 350 1387 nullo
374 1341 536 1386 ordine
559 1348 861 1395 commutato,
899 1341 1148 1387 advorsum
1183 1341 1340 1387 omnia
1373 1341 1603 1403 paratus,2
1626 1341 1709 1388 ibi-

223 1425 330 1471 dem
354 1424 612 1486 opperitur.
684 1425 759 1471 Ita
783 1424 1071 1487 Jugurtham
1113 1441 1219 1487 spes
1254 1424 1494 1479 frustrata,
1534 1425 1615 1488 qui
1639 1442 1712 1472 co-

224 1509 325 1570 pias
364 1509 414 1556 in
450 1515 649 1571 quatuor
685 1509 831 1572 partis
869 1509 1200 1564 distribuerat;
1243 1516 1372 1556 ratus
1406 1525 1461 1556 ex
1496 1509 1713 1556 omnibus

227 1701 403 1747 cisaram,
423 1703 463 1738 in
483 1703 586 1739 these
607 1704 740 1749 words,
762 1704 889 1740 Etiam
909 1705 1021 1741 habet
1042 1703 1179 1742 Casina
1196 1703 1376 1751 gladium,
1393 1704 1517 1750 habet,
1539 1705 1603 1741 sed
1620 1706 1714 1742 duos

224 1765 358 1811 quibus
377 1765 493 1802 altero
513 1771 550 1803 te
569 1768 779 1803 occisurum
800 1768 861 1813 ait,
887 1768 949 1804 ἃς.
1011 1767 1108 1804 Item
1129 1765 1307 1804 Laberius
1333 1768 1374 1803 in
1395 1767 1594 1805 Gemellis:
1624 1769 1713 1805 Non

221 1829 355 1874 putavi
373 1830 443 1865 hoc
462 1841 544 1866 eam
556 1831 769 1878 facturum.
826 1831 913 1866 Non
933 1842 1020 1877 ergo
1038 1831 1100 1867 isti
1120 1842 1247 1867 omnes
1265 1831 1492 1867 solaecismus
1510 1831 1601 1878 quid
1618 1835 1714 1868 esset

222 1894 501 1941 ignoraverunt,
513 1896 576 1931 sed
588 1895 788 1940 dicturum,
795 1896 986 1942 futurum,
1001 1896 1308 1944 benefacturum,
1323 1895 1543 1942 occisurum,
1554 1907 1713 1944 proces-

223 1969 362 2003 surum,
375 1961 576 2007 facturum
594 1961 788 1996 indefinito
805 1961 914 1996 modo
933 1960 1123 2005 dixerunt,
1145 1960 1210 2007 qui
1227 1960 1360 1996 modus
1387 1971 1506 2006 neque
1524 1961 1562 1996 in
1581 1971 1711 1995 nume-

224 2033 298 2066 ros,
319 2032 439 2068 neque
457 2023 497 2058 in
510 2035 709 2069 persona-3,
731 2035 850 2070 neque
869 2024 907 2059 in
923 2036 1074 2071 ymera,
1091 2035 1211 2070 neque
1229 2024 1268 2059 in
1287 2030 1459 2070 tempora
1478 2024 1711 2069 distrahitur,

225 2086 288 2120 sed
308 2086 435 2121 omnia
455 2087 584 2122 isthaec
603 2099 679 2124 una
698 2089 899 2135 eademque
927 2088 1171 2124 declinatione
1198 2087 1467 2134 complectitur.
1524 2088 1629 2124 Thus
1655 2087 1713 2124 far

226 2149 378 2187 Gellius.
435 2151 546 2187 Were
566 2152 585 2187 I
604 2157 642 2188 to
662 2153 802 2188 hazard
821 2164 869 2188 an
888 2152 1047 2199 opinion,
1069 2153 1203 2197 which,
1225 2164 1266 2189 as
1285 2164 1334 2188 an
1353 2153 1481 2198 editor,
1504 2153 1523 2189 I
1541 2164 1713 2200 presume

224 2213 242 2248 I
263 2214 392 2261 ought,
408 2213 427 2249 1
446 2214 557 2250 think
577 2226 631 2251 we
651 2215 784 2251 should
804 2216 921 2252 either
932 2216 1019 2251 read
1027 2216 1182 2264 futura,
1204 2227 1245 2251 or
1262 2216 1398 2261 rather,
1415 2216 1509 2252 with
1530 2215 1711 2259 Krstzius,

213 2277 509 2324 futurum.—C.

277 2342 292 2363 ⁵
314 2342 671 2379 Militibus-..labos
690 2344 898 2380 volentibus
917 2341 1047 2392 esset]
1079 2343 1147 2381 See
1165 2354 1245 2389 cap.
1269 2344 1329 2389 73,
1351 2348 1437 2379 note
1459 2343 1603 2380 1.—M.

276 2406 292 2428 ⁶
323 2408 521 2454 Voluptati
540 2405 770 2457 habuisset]
803 2408 870 2446 See
889 2407 998 2455 Virg.
1018 2407 1105 2443 AEn.
1125 2408 1162 2453 4,
1182 2419 1219 2443 v.
1241 2406 1330 2452 521,
1355 2405 1465 2442 Curae
1483 2417 1622 2443 numen
1641 2407 1712 2442 ha—

225 2473 396 2511 bea-C.

280 2538 344 2575 CI.
366 2534 377 2557 ¹
407 2534 486 2572 Citi
504 2550 582 2573 sese
610 2535 848 2586 ostendant]
885 2535 960 2574 Citi
986 2540 1042 2572 est
1074 2546 1140 2582 pro
1171 2535 1286 2571 citato
1318 2545 1429 2570 cursu
1461 2533 1711 2570 advenientes.

227 2602 336 2638 -Μ,

278 2663 292 2685 ²
312 2666 524 2702 Advorsum
545 2667 671 2702 omnia
685 2663 890 2715 paratu-sn]
913 2665 1113 2702 Incedebat
1131 2664 1240 2709 enim,
1262 2664 1361 2712 quod
1379 2661 1492 2711 supra
1511 2664 1712 2710 descripse-

225 2733 285 2766 rat
304 2729 454 2777 agmine
474 2729 778 2776 quadrata-M.
