<?xml version="1.0" encoding="UTF-8"?>
<!DOCTYPE html PUBLIC "-//W3C//DTD XHTML 1.0 Transitional//EN"
    "http://www.w3.org/TR/xhtml1/DTD/xhtml1-transitional.dtd">
<html xmlns="http://www.w3.org/1999/xhtml" xml:lang="en" lang="en">
 <head>
  <title>
</title>
<meta http-equiv="Content-Type" content="text/html;charset=utf-8" />
  <meta name='ocr-system' content='tesseract 3.04.00' />
  <meta name='ocr-capabilities' content='ocr_page ocr_carea ocr_par ocr_line ocrx_word'/>
</head>
<body>
  <div class='ocr_page' id='page_1' title='image "./sallusts00salluoft_0096.png"; bbox 0 0 1889 3191; ppageno 0'>
   <div class='ocr_carea' id='block_1_1' title="bbox 252 281 1276 321">
    <p class='ocr_par' dir='ltr' id='par_1_1' title="bbox 252 281 1276 321">
     <span class='ocr_line' id='line_1_1' title="bbox 252 281 1276 321; baseline 0.002 -4"><span class='ocrx_word' id='word_1_1' title='bbox 252 283 301 317; x_wconf 80' lang='lat'>84</span> <span class='ocrx_word' id='word_1_2' title='bbox 706 281 981 321; x_wconf 86' lang='lat' dir='ltr'>SALLUSTII</span> <span class='ocrx_word' id='word_1_3' title='bbox 1011 281 1229 320; x_wconf 78' lang='lat' dir='ltr'>CATILIN</span> <span class='ocrx_word' id='word_1_4' title='bbox 1230 282 1276 319; x_wconf 84' lang='lat' dir='ltr'>A.</span> 
     </span>
    </p>
   </div>
   <div class='ocr_carea' id='block_1_2' title="bbox 250 397 1750 2589">
    <p class='ocr_par' dir='ltr' id='par_1_2' title="bbox 250 397 1750 2589">
     <span class='ocr_line' id='line_1_2' title="bbox 319 397 1742 462; baseline -0.001 -18"><span class='ocrx_word' id='word_1_5' title='bbox 319 398 555 445; x_wconf 89' lang='lat' dir='ltr'>XLVIII.</span> <span class='ocrx_word' id='word_1_6' title='bbox 593 398 779 446; x_wconf 71' lang='lat' dir='ltr'>Interea</span> <span class='ocrx_word' id='word_1_7' title='bbox 800 399 974 461; x_wconf 89' lang='lat' dir='ltr'>plebes,</span> <span class='ocrx_word' id='word_1_8' title='bbox 1016 399 1336 462; x_wconf 86' lang='lat' dir='ltr'>conjuratione</span> <span class='ocrx_word' id='word_1_9' title='bbox 1363 397 1610 461; x_wconf 65' lang='lat' dir='ltr'>patefacta,</span> <span class='ocrx_word' id='word_1_10' title='bbox 1638 412 1742 459; x_wconf 88' lang='lat' dir='ltr'>quae</span> 
     </span>
     <span class='ocr_line' id='line_1_3' title="bbox 251 484 1743 548; baseline -0.002 -18"><span class='ocrx_word' id='word_1_11' title='bbox 251 484 402 548; x_wconf 76' lang='lat' dir='ltr'>primo</span> <span class='ocrx_word' id='word_1_12' title='bbox 427 484 597 547; x_wconf 87' lang='lat' dir='ltr'>cupida</span> <span class='ocrx_word' id='word_1_13' title='bbox 619 501 775 531; x_wconf 91' lang='lat' dir='ltr'>rerum</span> <span class='ocrx_word' id='word_1_14' title='bbox 798 501 1038 539; x_wconf 83' lang='lat' dir='ltr'>novarum,</span> <span class='ocrx_word' id='word_1_15' title='bbox 1078 485 1219 530; x_wconf 92' lang='lat' dir='ltr'>nimis</span> <span class='ocrx_word' id='word_1_16' title='bbox 1259 484 1381 531; x_wconf 91' lang='lat' dir='ltr'>bello</span> <span class='ocrx_word' id='word_1_17' title='bbox 1405 484 1601 538; x_wconf 79' lang='lat' dir='ltr'>favebat,</span> <span class='ocrx_word' id='word_1_18' title='bbox 1642 498 1743 528; x_wconf 92' lang='lat' dir='ltr'>mu-</span> 
     </span>
     <span class='ocr_line' id='line_1_4' title="bbox 251 567 1744 625; baseline -0.002 -9"><span class='ocrx_word' id='word_1_19' title='bbox 251 570 350 617; x_wconf 66' lang='lat' dir='ltr'>tata</span> <span class='ocrx_word' id='word_1_20' title='bbox 385 576 556 624; x_wconf 87' lang='lat' dir='ltr'>mente,</span> <span class='ocrx_word' id='word_1_21' title='bbox 601 569 819 616; x_wconf 90' lang='lat' dir='ltr'>Catilinae</span> <span class='ocrx_word' id='word_1_22' title='bbox 856 570 1048 616; x_wconf 90' lang='lat' dir='ltr'>consilia</span> <span class='ocrx_word' id='word_1_23' title='bbox 1085 570 1324 625; x_wconf 81' lang='lat' dir='ltr'>exsecrari,</span> <span class='ocrx_word' id='word_1_24' title='bbox 1369 570 1643 616; x_wconf 87' lang='lat' dir='ltr'>Ciceronem</span> <span class='ocrx_word' id='word_1_25' title='bbox 1684 567 1744 613; x_wconf 91' lang='lat' dir='ltr'>ad</span> 
     </span>
     <span class='ocr_line' id='line_1_5' title="bbox 253 653 1744 716; baseline -0.003 -14"><span class='ocrx_word' id='word_1_26' title='bbox 253 655 423 702; x_wconf 89' lang='lat' dir='ltr'>coelum</span> <span class='ocrx_word' id='word_1_27' title='bbox 446 655 607 701; x_wconf 90' lang='lat' dir='ltr'>tollere</span> <span class='ocrx_word' id='word_1_28' title='bbox 628 675 639 708; x_wconf 86' lang='lat'>3</span> <span class='ocrx_word' id='word_1_29' title='bbox 677 653 821 700; x_wconf 81' lang='lat' dir='ltr'>veluti</span> <span class='ocrx_word' id='word_1_30' title='bbox 844 670 899 700; x_wconf 80' lang='lat' dir='ltr'>ex</span> <span class='ocrx_word' id='word_1_31' title='bbox 932 654 1153 700; x_wconf 72' lang='lat' dir='ltr'>servitute</span> <span class='ocrx_word' id='word_1_32' title='bbox 1177 661 1337 715; x_wconf 86' lang='lat' dir='ltr'>erepta</span> <span class='ocrx_word' id='word_1_33' title='bbox 1359 653 1581 716; x_wconf 84' lang='lat' dir='ltr'>gaudium</span> <span class='ocrx_word' id='word_1_34' title='bbox 1605 660 1744 715; x_wconf 87' lang='lat' dir='ltr'>atque</span> 
     </span>
     <span class='ocr_line' id='line_1_6' title="bbox 254 737 1744 801; baseline -0.003 -14"><span class='ocrx_word' id='word_1_35' title='bbox 254 740 471 787; x_wconf 85' lang='lat' dir='ltr'>laetitiam</span> <span class='ocrx_word' id='word_1_36' title='bbox 495 739 756 801; x_wconf 86' lang='lat' dir='ltr'>agitabant.</span> <span class='ocrx_word' id='word_1_37' title='bbox 827 739 1046 800; x_wconf 86' lang='lat' dir='ltr'>Namque</span> <span class='ocrx_word' id='word_1_38' title='bbox 1083 738 1173 784; x_wconf 83' lang='lat' dir='ltr'>alia</span> <span class='ocrx_word' id='word_1_39' title='bbox 1207 738 1318 784; x_wconf 92' lang='lat' dir='ltr'>belli</span> <span class='ocrx_word' id='word_1_40' title='bbox 1341 738 1547 785; x_wconf 86' lang='lat' dir='ltr'>facinora</span> <span class='ocrx_word' id='word_1_41' title='bbox 1570 737 1744 800; x_wconf 87' lang='lat' dir='ltr'>praedae</span> 
     </span>
     <span class='ocr_line' id='line_1_7' title="bbox 253 821 1742 887; baseline -0.002 -16"><span class='ocrx_word' id='word_1_42' title='bbox 253 825 418 887; x_wconf 85' lang='lat' dir='ltr'>magis,</span> <span class='ocrx_word' id='word_1_43' title='bbox 450 824 589 886; x_wconf 71' lang='lat' dir='ltr'>quam</span> <span class='ocrx_word' id='word_1_44' title='bbox 613 823 895 869; x_wconf 89' lang='lat' dir='ltr'>detrimento</span> <span class='ocrx_word' id='word_1_45' title='bbox 932 822 1048 878; x_wconf 88' lang='lat' dir='ltr'>fore,</span> <span class='ocrx_word' id='word_1_46' title='bbox 1091 822 1360 869; x_wconf 87' lang='lat' dir='ltr'>incendium</span> <span class='ocrx_word' id='word_1_47' title='bbox 1401 824 1506 869; x_wconf 74' lang='lat' dir='ltr'>vero</span> <span class='ocrx_word' id='word_1_48' title='bbox 1543 821 1742 876; x_wconf 89' lang='lat' dir='ltr'>crudele,</span> 
     </span>
     <span class='ocr_line' id='line_1_8' title="bbox 253 907 1741 970; baseline -0.001 -15"><span class='ocrx_word' id='word_1_49' title='bbox 253 909 632 964; x_wconf 89' lang='lat' dir='ltr'>immoderatum,</span> <span class='ocrx_word' id='word_1_50' title='bbox 675 925 728 955; x_wconf 88' lang='lat' dir='ltr'>ac</span> <span class='ocrx_word' id='word_1_51' title='bbox 767 908 856 954; x_wconf 88' lang='lat' dir='ltr'>sibi</span> <span class='ocrx_word' id='word_1_52' title='bbox 897 909 1115 954; x_wconf 75' lang='lat' dir='ltr'>maxume</span> <span class='ocrx_word' id='word_1_53' title='bbox 1153 907 1477 954; x_wconf 88' lang='lat' dir='ltr'>calamitosum</span> <span class='ocrx_word' id='word_1_54' title='bbox 1513 907 1741 970; x_wconf 87' lang='lat' dir='ltr'>putabat;</span> 
     </span>
     <span class='ocr_line' id='line_1_9' title="bbox 256 993 1745 1057; baseline -0.001 -17"><span class='ocrx_word' id='word_1_55' title='bbox 256 994 428 1057; x_wconf 87' lang='lat' dir='ltr'>quippe</span> <span class='ocrx_word' id='word_1_56' title='bbox 452 994 526 1041; x_wconf 88' lang='lat' dir='ltr'>cui</span> <span class='ocrx_word' id='word_1_57' title='bbox 550 1009 713 1040; x_wconf 91' lang='lat' dir='ltr'>omnes</span> <span class='ocrx_word' id='word_1_58' title='bbox 737 993 885 1056; x_wconf 90' lang='lat' dir='ltr'>copiae</span> <span class='ocrx_word' id='word_1_59' title='bbox 915 993 965 1039; x_wconf 91' lang='lat' dir='ltr'>in</span> <span class='ocrx_word' id='word_1_60' title='bbox 1002 1010 1094 1040; x_wconf 91' lang='lat' dir='ltr'>usu</span> <span class='ocrx_word' id='word_1_61' title='bbox 1118 993 1390 1056; x_wconf 88' lang='lat' dir='ltr'>quotidiano</span> <span class='ocrx_word' id='word_1_62' title='bbox 1414 1001 1460 1040; x_wconf 94' lang='lat' dir='ltr'>et</span> <span class='ocrx_word' id='word_1_63' title='bbox 1497 993 1626 1040; x_wconf 91' lang='lat' dir='ltr'>cultu</span> <span class='ocrx_word' id='word_1_64' title='bbox 1649 1009 1745 1040; x_wconf 90' lang='lat' dir='ltr'>cor-</span> 
     </span>
     <span class='ocr_line' id='line_1_10' title="bbox 254 1075 1744 1139; baseline 0 -17"><span class='ocrx_word' id='word_1_65' title='bbox 254 1076 382 1139; x_wconf 91' lang='lat' dir='ltr'>poris</span> <span class='ocrx_word' id='word_1_66' title='bbox 406 1083 554 1123; x_wconf 85' lang='lat' dir='ltr'>erant.</span> <span class='ocrx_word' id='word_1_67' title='bbox 625 1077 740 1122; x_wconf 84' lang='lat' dir='ltr'>Post</span> <span class='ocrx_word' id='word_1_68' title='bbox 777 1092 883 1122; x_wconf 88' lang='lat' dir='ltr'>eum</span> <span class='ocrx_word' id='word_1_69' title='bbox 908 1076 1047 1131; x_wconf 89' lang='lat' dir='ltr'>diem,</span> <span class='ocrx_word' id='word_1_70' title='bbox 1074 1075 1264 1138; x_wconf 87' lang='lat' dir='ltr'>quidam</span> <span class='ocrx_word' id='word_1_71' title='bbox 1289 1076 1346 1123; x_wconf 87' lang='lat' dir='ltr'>L.</span> <span class='ocrx_word' id='word_1_72' title='bbox 1372 1076 1652 1139; x_wconf 89' lang='lat' dir='ltr'>Tarquinius</span> <span class='ocrx_word' id='word_1_73' title='bbox 1687 1075 1744 1122; x_wconf 90' lang='lat' dir='ltr'>ad</span> 
     </span>
     <span class='ocr_line' id='line_1_11' title="bbox 257 1160 1746 1223; baseline 0 -16"><span class='ocrx_word' id='word_1_74' title='bbox 257 1167 472 1208; x_wconf 85' lang='lat' dir='ltr'>senatum</span> <span class='ocrx_word' id='word_1_75' title='bbox 496 1160 727 1207; x_wconf 88' lang='lat' dir='ltr'>adductus</span> <span class='ocrx_word' id='word_1_76' title='bbox 752 1168 864 1217; x_wconf 89' lang='lat' dir='ltr'>erat,</span> <span class='ocrx_word' id='word_1_77' title='bbox 904 1177 1041 1223; x_wconf 90' lang='lat' dir='ltr'>quem</span> <span class='ocrx_word' id='word_1_78' title='bbox 1079 1161 1139 1207; x_wconf 83' lang='lat' dir='ltr'>ad</span> <span class='ocrx_word' id='word_1_79' title='bbox 1163 1160 1415 1207; x_wconf 85' lang='lat' dir='ltr'>Catilinam</span> <span class='ocrx_word' id='word_1_80' title='bbox 1455 1161 1746 1223; x_wconf 89' lang='lat' dir='ltr'>proficiscen-</span> 
     </span>
     <span class='ocr_line' id='line_1_12' title="bbox 256 1246 1746 1301; baseline 0 -8"><span class='ocrx_word' id='word_1_81' title='bbox 256 1254 351 1293; x_wconf 89' lang='lat' dir='ltr'>tem</span> <span class='ocrx_word' id='word_1_82' title='bbox 389 1263 445 1293; x_wconf 82' lang='lat' dir='ltr'>ex</span> <span class='ocrx_word' id='word_1_83' title='bbox 480 1247 645 1293; x_wconf 90' lang='lat' dir='ltr'>itinere</span> <span class='ocrx_word' id='word_1_84' title='bbox 681 1253 935 1293; x_wconf 87' lang='lat' dir='ltr'>retractum</span> <span class='ocrx_word' id='word_1_85' title='bbox 976 1247 1178 1294; x_wconf 88' lang='lat' dir='ltr'>aiebant.</span> <span class='ocrx_word' id='word_1_86' title='bbox 1252 1247 1316 1301; x_wconf 90' lang='lat' dir='ltr'>Is,</span> <span class='ocrx_word' id='word_1_87' title='bbox 1357 1246 1463 1293; x_wconf 73' lang='lat' dir='ltr'>cnm</span> <span class='ocrx_word' id='word_1_88' title='bbox 1502 1262 1550 1293; x_wconf 91' lang='lat' dir='ltr'>se</span> <span class='ocrx_word' id='word_1_89' title='bbox 1573 1246 1746 1293; x_wconf 87' lang='lat' dir='ltr'>diceret</span> 
     </span>
     <span class='ocr_line' id='line_1_13' title="bbox 254 1331 1744 1394; baseline -0.001 -16"><span class='ocrx_word' id='word_1_90' title='bbox 254 1331 569 1378; x_wconf 89' lang='lat' dir='ltr'>indicaturum</span> <span class='ocrx_word' id='word_1_91' title='bbox 595 1331 652 1378; x_wconf 92' lang='lat' dir='ltr'>de</span> <span class='ocrx_word' id='word_1_92' title='bbox 679 1332 1009 1394; x_wconf 88' lang='lat' dir='ltr'>conjuratione,</span> <span class='ocrx_word' id='word_1_93' title='bbox 1040 1332 1078 1378; x_wconf 91' lang='lat' dir='ltr'>si</span> <span class='ocrx_word' id='word_1_94' title='bbox 1110 1331 1225 1378; x_wconf 88' lang='lat' dir='ltr'>fides</span> <span class='ocrx_word' id='word_1_95' title='bbox 1250 1332 1437 1393; x_wconf 91' lang='lat' dir='ltr'>publica</span> <span class='ocrx_word' id='word_1_96' title='bbox 1461 1331 1569 1378; x_wconf 87' lang='lat' dir='ltr'>data</span> <span class='ocrx_word' id='word_1_97' title='bbox 1593 1338 1744 1387; x_wconf 82' lang='lat' dir='ltr'>esset3</span> 
     </span>
     <span class='ocr_line' id='line_1_14' title="bbox 250 1416 1745 1480; baseline -0.001 -16"><span class='ocrx_word' id='word_1_98' title='bbox 250 1418 412 1480; x_wconf 89' lang='lat' dir='ltr'>jussus</span> <span class='ocrx_word' id='word_1_99' title='bbox 436 1434 463 1464; x_wconf 89' lang='lat' dir='ltr'>a</span> <span class='ocrx_word' id='word_1_100' title='bbox 487 1417 704 1472; x_wconf 88' lang='lat' dir='ltr'>Consule,</span> <span class='ocrx_word' id='word_1_101' title='bbox 745 1433 849 1479; x_wconf 88' lang='lat' dir='ltr'>quae</span> <span class='ocrx_word' id='word_1_102' title='bbox 891 1417 1042 1472; x_wconf 90' lang='lat' dir='ltr'>sciret,</span> <span class='ocrx_word' id='word_1_103' title='bbox 1084 1416 1276 1472; x_wconf 86' lang='lat' dir='ltr'>edicere,</span> <span class='ocrx_word' id='word_1_104' title='bbox 1315 1416 1477 1464; x_wconf 89' lang='lat' dir='ltr'>eadem</span> <span class='ocrx_word' id='word_1_105' title='bbox 1501 1416 1613 1472; x_wconf 74' lang='lat' dir='ltr'>fere,</span> <span class='ocrx_word' id='word_1_106' title='bbox 1642 1433 1745 1479; x_wconf 88' lang='lat' dir='ltr'>quae</span> 
     </span>
     <span class='ocr_line' id='line_1_15' title="bbox 256 1499 1746 1562; baseline -0.001 -15"><span class='ocrx_word' id='word_1_107' title='bbox 256 1501 540 1555; x_wconf 83' lang='lat' dir='ltr'>Volturcius,</span> <span class='ocrx_word' id='word_1_108' title='bbox 586 1499 642 1546; x_wconf 89' lang='lat' dir='ltr'>de</span> <span class='ocrx_word' id='word_1_109' title='bbox 678 1500 854 1562; x_wconf 90' lang='lat' dir='ltr'>paratis</span> <span class='ocrx_word' id='word_1_110' title='bbox 878 1499 1121 1555; x_wconf 90' lang='lat' dir='ltr'>incendiis,</span> <span class='ocrx_word' id='word_1_111' title='bbox 1166 1499 1223 1546; x_wconf 89' lang='lat' dir='ltr'>de</span> <span class='ocrx_word' id='word_1_112' title='bbox 1248 1499 1376 1546; x_wconf 87' lang='lat' dir='ltr'>caede</span> <span class='ocrx_word' id='word_1_113' title='bbox 1407 1500 1650 1555; x_wconf 89' lang='lat' dir='ltr'>bonorum,</span> <span class='ocrx_word' id='word_1_114' title='bbox 1690 1499 1746 1545; x_wconf 90' lang='lat' dir='ltr'>de</span> 
     </span>
     <span class='ocr_line' id='line_1_16' title="bbox 255 1584 1746 1646; baseline -0.001 -14"><span class='ocrx_word' id='word_1_115' title='bbox 255 1587 421 1632; x_wconf 91' lang='lat' dir='ltr'>itinere</span> <span class='ocrx_word' id='word_1_116' title='bbox 444 1585 668 1640; x_wconf 86' lang='lat' dir='ltr'>hostium,</span> <span class='ocrx_word' id='word_1_117' title='bbox 698 1592 911 1631; x_wconf 90' lang='lat' dir='ltr'>senatum</span> <span class='ocrx_word' id='word_1_118' title='bbox 941 1584 1075 1631; x_wconf 87' lang='lat' dir='ltr'>docet</span> <span class='ocrx_word' id='word_1_119' title='bbox 1097 1604 1106 1630; x_wconf 72' lang='grc' dir='ltr'><strong><em>ε</em></strong></span> <span class='ocrx_word' id='word_1_120' title='bbox 1145 1585 1386 1646; x_wconf 73' lang='lat' dir='ltr'>praeterea,</span> <span class='ocrx_word' id='word_1_121' title='bbox 1433 1590 1463 1609; x_wconf 90' lang='lat'><strong>“</strong></span> <span class='ocrx_word' id='word_1_122' title='bbox 1480 1600 1527 1631; x_wconf 91' lang='lat' dir='ltr'>se</span> <span class='ocrx_word' id='word_1_123' title='bbox 1550 1584 1746 1631; x_wconf 90' lang='lat' dir='ltr'>missum</span> 
     </span>
     <span class='ocr_line' id='line_1_17' title="bbox 256 1668 1748 1733; baseline -0.002 -15"><span class='ocrx_word' id='word_1_124' title='bbox 256 1689 283 1718; x_wconf 94' lang='lat' dir='ltr'>a</span> <span class='ocrx_word' id='word_1_125' title='bbox 307 1671 378 1718; x_wconf 90' lang='lat' dir='ltr'>M.</span> <span class='ocrx_word' id='word_1_126' title='bbox 407 1671 591 1726; x_wconf 91' lang='lat' dir='ltr'>Crasso,</span> <span class='ocrx_word' id='word_1_127' title='bbox 621 1671 716 1733; x_wconf 83' lang='lat' dir='ltr'>&#39;qui</span> <span class='ocrx_word' id='word_1_128' title='bbox 750 1670 967 1717; x_wconf 80' lang='lat' dir='ltr'>Catilinae</span> <span class='ocrx_word' id='word_1_129' title='bbox 1004 1670 1261 1725; x_wconf 87' lang='lat' dir='ltr'>nunciaret,</span> <span class='ocrx_word' id='word_1_130' title='bbox 1305 1686 1363 1716; x_wconf 89' lang='lat' dir='ltr'>ne</span> <span class='ocrx_word' id='word_1_131' title='bbox 1389 1669 1632 1724; x_wconf 91' lang='lat' dir='ltr'>Lentulus,</span> <span class='ocrx_word' id='word_1_132' title='bbox 1661 1668 1748 1716; x_wconf 91' lang='lat' dir='ltr'>Ce-</span> 
     </span>
     <span class='ocr_line' id='line_1_18' title="bbox 255 1755 1748 1819; baseline -0.003 -16"><span class='ocrx_word' id='word_1_133' title='bbox 255 1757 441 1819; x_wconf 85' lang='lat' dir='ltr'>thegus,</span> <span class='ocrx_word' id='word_1_134' title='bbox 470 1756 548 1802; x_wconf 90' lang='lat' dir='ltr'>alii</span> <span class='ocrx_word' id='word_1_135' title='bbox 572 1772 627 1802; x_wconf 83' lang='lat' dir='ltr'>ex</span> <span class='ocrx_word' id='word_1_136' title='bbox 650 1756 967 1818; x_wconf 87' lang='lat' dir='ltr'>conjuratione</span> <span class='ocrx_word' id='word_1_137' title='bbox 994 1755 1274 1818; x_wconf 86' lang='lat' dir='ltr'>deprehensi</span> <span class='ocrx_word' id='word_1_138' title='bbox 1304 1762 1531 1802; x_wconf 89' lang='lat' dir='ltr'>terrerent</span> <span class='ocrx_word' id='word_1_139' title='bbox 1553 1776 1564 1810; x_wconf 90' lang='lat'>;</span> <span class='ocrx_word' id='word_1_140' title='bbox 1604 1757 1748 1816; x_wconf 76' lang='lat' dir='ltr'>eoque</span> 
     </span>
     <span class='ocr_line' id='line_1_19' title="bbox 255 1841 1746 1906; baseline -0.003 -15"><span class='ocrx_word' id='word_1_141' title='bbox 255 1845 404 1906; x_wconf 75' lang='lat' dir='ltr'>magis</span> <span class='ocrx_word' id='word_1_142' title='bbox 428 1848 699 1906; x_wconf 87' lang='lat' dir='ltr'>properaret</span> <span class='ocrx_word' id='word_1_143' title='bbox 723 1841 782 1888; x_wconf 93' lang='lat' dir='ltr'>ad</span> <span class='ocrx_word' id='word_1_144' title='bbox 804 1842 968 1888; x_wconf 90' lang='lat' dir='ltr'>urbem</span> <span class='ocrx_word' id='word_1_145' title='bbox 994 1841 1223 1896; x_wconf 89' lang='lat' dir='ltr'>accedere,</span> <span class='ocrx_word' id='word_1_146' title='bbox 1269 1842 1359 1904; x_wconf 69' lang='lat' dir='ltr'>quo</span> <span class='ocrx_word' id='word_1_147' title='bbox 1401 1849 1446 1887; x_wconf 91' lang='lat' dir='ltr'>et</span> <span class='ocrx_word' id='word_1_148' title='bbox 1471 1848 1746 1887; x_wconf 85' lang='lat' dir='ltr'>caeterorum</span> 
     </span>
     <span class='ocr_line' id='line_1_20' title="bbox 254 1925 1744 1989; baseline -0.003 -13"><span class='ocrx_word' id='word_1_149' title='bbox 254 1929 435 1976; x_wconf 89' lang='lat' dir='ltr'>animos</span> <span class='ocrx_word' id='word_1_150' title='bbox 458 1928 681 1982; x_wconf 88' lang='lat' dir='ltr'>reficeret,</span> <span class='ocrx_word' id='word_1_151' title='bbox 725 1934 770 1973; x_wconf 91' lang='lat' dir='ltr'>et</span> <span class='ocrx_word' id='word_1_152' title='bbox 808 1927 876 1973; x_wconf 92' lang='lat' dir='ltr'>illi</span> <span class='ocrx_word' id='word_1_153' title='bbox 899 1925 1082 1973; x_wconf 67' lang='lat' dir='ltr'>facilins</span> <span class='ocrx_word' id='word_1_154' title='bbox 1108 1943 1131 1973; x_wconf 92' lang='lat' dir='ltr'>e</span> <span class='ocrx_word' id='word_1_155' title='bbox 1166 1926 1375 1989; x_wconf 87' lang='lat' dir='ltr'>periculo</span> <span class='ocrx_word' id='word_1_156' title='bbox 1400 1925 1744 1988; x_wconf 86' lang='lat' dir='ltr'>eriperentur.&#39;’</span> 
     </span>
     <span class='ocr_line' id='line_1_21' title="bbox 257 2011 1747 2077; baseline -0.002 -16"><span class='ocrx_word' id='word_1_157' title='bbox 257 2015 348 2062; x_wconf 88' lang='lat' dir='ltr'>Sed</span> <span class='ocrx_word' id='word_1_158' title='bbox 387 2013 468 2060; x_wconf 84' lang='lat' dir='ltr'>ubi</span> <span class='ocrx_word' id='word_1_159' title='bbox 506 2012 788 2077; x_wconf 89' lang='lat' dir='ltr'>Tarquinius</span> <span class='ocrx_word' id='word_1_160' title='bbox 814 2012 1037 2060; x_wconf 88' lang='lat' dir='ltr'>Crassum</span> <span class='ocrx_word' id='word_1_161' title='bbox 1079 2012 1352 2067; x_wconf 64' lang='lat' dir='ltr'>nominavit,</span> <span class='ocrx_word' id='word_1_162' title='bbox 1387 2011 1629 2058; x_wconf 89' lang='lat' dir='ltr'>hominem</span> <span class='ocrx_word' id='word_1_163' title='bbox 1666 2026 1747 2058; x_wconf 90' lang='lat' dir='ltr'>no·</span> 
     </span>
     <span class='ocr_line' id='line_1_22' title="bbox 254 2097 1747 2160; baseline -0.003 -14"><span class='ocrx_word' id='word_1_164' title='bbox 254 2100 409 2155; x_wconf 88' lang='lat' dir='ltr'>bilem,</span> <span class='ocrx_word' id='word_1_165' title='bbox 437 2098 669 2146; x_wconf 81' lang='lat' dir='ltr'>maxumis</span> <span class='ocrx_word' id='word_1_166' title='bbox 694 2098 881 2153; x_wconf 85' lang='lat' dir='ltr'>divitiis,</span> <span class='ocrx_word' id='word_1_167' title='bbox 930 2098 1111 2144; x_wconf 69' lang='lat' dir='ltr'>summa</span> <span class='ocrx_word' id='word_1_168' title='bbox 1133 2097 1344 2160; x_wconf 67' lang='lat' dir='ltr'>potentia</span> <span class='ocrx_word' id='word_1_169' title='bbox 1362 2118 1373 2152; x_wconf 91' lang='lat'>;</span> <span class='ocrx_word' id='word_1_170' title='bbox 1412 2097 1504 2152; x_wconf 87' lang='lat' dir='ltr'>alii,</span> <span class='ocrx_word' id='word_1_171' title='bbox 1549 2112 1646 2143; x_wconf 91' lang='lat' dir='ltr'>rem</span> <span class='ocrx_word' id='word_1_172' title='bbox 1678 2097 1747 2142; x_wconf 90' lang='lat' dir='ltr'>in-</span> 
     </span>
     <span class='ocr_line' id='line_1_23' title="bbox 257 2181 1744 2245; baseline -0.002 -15"><span class='ocrx_word' id='word_1_173' title='bbox 257 2183 524 2231; x_wconf 85' lang='lat' dir='ltr'>credibilem</span> <span class='ocrx_word' id='word_1_174' title='bbox 546 2183 668 2238; x_wconf 84' lang='lat' dir='ltr'>rati3</span> <span class='ocrx_word' id='word_1_175' title='bbox 705 2199 828 2245; x_wconf 93' lang='lat' dir='ltr'>pars,</span> <span class='ocrx_word' id='word_1_176' title='bbox 871 2190 1028 2229; x_wconf 89' lang='lat' dir='ltr'>tamen</span> <span class='ocrx_word' id='word_1_177' title='bbox 1067 2182 1156 2229; x_wconf 90' lang='lat' dir='ltr'>etsi</span> <span class='ocrx_word' id='word_1_178' title='bbox 1197 2197 1358 2228; x_wconf 90' lang='lat' dir='ltr'>verum</span> <span class='ocrx_word' id='word_1_179' title='bbox 1383 2181 1744 2236; x_wconf 78' lang='lat' dir='ltr'>existumabant,</span> 
     </span>
     <span class='ocr_line' id='line_1_24' title="bbox 256 2266 1744 2332; baseline -0.002 -16"><span class='ocrx_word' id='word_1_180' title='bbox 256 2278 415 2317; x_wconf 86' lang='lat' dir='ltr'>tamen</span> <span class='ocrx_word' id='word_1_181' title='bbox 439 2269 546 2332; x_wconf 81' lang='lat' dir='ltr'>quia</span> <span class='ocrx_word' id='word_1_182' title='bbox 569 2269 619 2314; x_wconf 91' lang='lat' dir='ltr'>in</span> <span class='ocrx_word' id='word_1_183' title='bbox 643 2268 724 2314; x_wconf 88' lang='lat' dir='ltr'>tali</span> <span class='ocrx_word' id='word_1_184' title='bbox 746 2276 957 2331; x_wconf 88' lang='lat' dir='ltr'>tempore</span> <span class='ocrx_word' id='word_1_185' title='bbox 998 2274 1129 2314; x_wconf 90' lang='lat' dir='ltr'>tanta</span> <span class='ocrx_word' id='word_1_186' title='bbox 1169 2267 1240 2313; x_wconf 80' lang='lat' dir='ltr'>vis</span> <span class='ocrx_word' id='word_1_187' title='bbox 1278 2266 1485 2313; x_wconf 89' lang='lat' dir='ltr'>hominis</span> <span class='ocrx_word' id='word_1_188' title='bbox 1509 2267 1744 2321; x_wconf 90' lang='lat' dir='ltr'>leniunda,</span> 
     </span>
     <span class='ocr_line' id='line_1_25' title="bbox 257 2352 1749 2418; baseline -0.003 -16"><span class='ocrx_word' id='word_1_189' title='bbox 257 2356 397 2418; x_wconf 73' lang='lat' dir='ltr'>quam</span> <span class='ocrx_word' id='word_1_190' title='bbox 422 2353 699 2416; x_wconf 79' lang='lat' dir='ltr'>exagitanda</span> <span class='ocrx_word' id='word_1_191' title='bbox 713 2353 957 2400; x_wconf 81' lang='lat' dir='ltr'>videbatur</span> <span class='ocrx_word' id='word_1_192' title='bbox 978 2374 989 2407; x_wconf 92' lang='lat'>;</span> <span class='ocrx_word' id='word_1_193' title='bbox 1028 2352 1240 2414; x_wconf 90' lang='lat' dir='ltr'>plerique</span> <span class='ocrx_word' id='word_1_194' title='bbox 1262 2352 1434 2398; x_wconf 91' lang='lat' dir='ltr'>Crasso</span> <span class='ocrx_word' id='word_1_195' title='bbox 1471 2368 1527 2398; x_wconf 78' lang='lat' dir='ltr'>ex</span> <span class='ocrx_word' id='word_1_196' title='bbox 1549 2352 1749 2415; x_wconf 86' lang='lat' dir='ltr'>negotiis</span> 
     </span>
     <span class='ocr_line' id='line_1_26' title="bbox 255 2437 1749 2503; baseline -0.001 -17"><span class='ocrx_word' id='word_1_197' title='bbox 255 2440 448 2503; x_wconf 78' lang='lat' dir='ltr'>privatis</span> <span class='ocrx_word' id='word_1_198' title='bbox 486 2437 674 2485; x_wconf 78' lang='lat' dir='ltr'>obnoxii</span> <span class='ocrx_word' id='word_1_199' title='bbox 713 2438 1017 2492; x_wconf 90' lang='lat' dir='ltr'>conclamant,</span> <span class='ocrx_word' id='word_1_200' title='bbox 1050 2437 1301 2484; x_wconf 86' lang='lat' dir='ltr'>“indicem</span> <span class='ocrx_word' id='word_1_201' title='bbox 1347 2437 1563 2493; x_wconf 88' lang='lat' dir='ltr'>falsum‚&#39;’</span> <span class='ocrx_word' id='word_1_202' title='bbox 1603 2437 1749 2500; x_wconf 89' lang='lat' dir='ltr'>deque</span> 
     </span>
     <span class='ocr_line' id='line_1_27' title="bbox 258 2522 1750 2589; baseline -0.005 -14"><span class='ocrx_word' id='word_1_203' title='bbox 258 2530 311 2575; x_wconf 67' lang='lat' dir='ltr'>ea</span> <span class='ocrx_word' id='word_1_204' title='bbox 333 2544 381 2574; x_wconf 89' lang='lat' dir='ltr'>re</span> <span class='ocrx_word' id='word_1_205' title='bbox 415 2525 658 2589; x_wconf 88' lang='lat' dir='ltr'>postulant</span> <span class='ocrx_word' id='word_1_206' title='bbox 698 2524 767 2570; x_wconf 90' lang='lat' dir='ltr'>uti</span> <span class='ocrx_word' id='word_1_207' title='bbox 808 2523 1069 2570; x_wconf 82' lang='lat' dir='ltr'>referatur.l</span> <span class='ocrx_word' id='word_1_208' title='bbox 1140 2524 1321 2586; x_wconf 90' lang='lat' dir='ltr'>Itaque,</span> <span class='ocrx_word' id='word_1_209' title='bbox 1367 2522 1639 2570; x_wconf 89' lang='lat' dir='ltr'>consulente</span> <span class='ocrx_word' id='word_1_210' title='bbox 1675 2522 1750 2569; x_wconf 86' lang='lat' dir='ltr'>Ci-</span> 
     </span>
    </p>
   </div>
   <div class='ocr_carea' id='block_1_3' title="bbox 258 2715 1751 2832">
    <p class='ocr_par' dir='ltr' id='par_1_3' title="bbox 258 2715 1751 2832">
     <span class='ocr_line' id='line_1_28' title="bbox 311 2715 1751 2768; baseline -0.005 -11"><span class='ocrx_word' id='word_1_211' title='bbox 311 2719 498 2757; x_wconf 88' lang='lat' dir='ltr'>XLVIII.</span> <span class='ocrx_word' id='word_1_212' title='bbox 531 2717 541 2739; x_wconf 89' lang='lat'>¹</span> <span class='ocrx_word' id='word_1_213' title='bbox 575 2719 639 2754; x_wconf 74' lang='lat' dir='ltr'>Uti</span> <span class='ocrx_word' id='word_1_214' title='bbox 654 2716 880 2768; x_wconf 53' lang='lat' dir='ltr'>reseratum]</span> <span class='ocrx_word' id='word_1_215' title='bbox 913 2718 1066 2754; x_wconf 84' lang='lat' dir='ltr'>Tirones</span> <span class='ocrx_word' id='word_1_216' title='bbox 1085 2715 1236 2762; x_wconf 67' lang='lat' dir='ltr'>norunt,</span> <span class='ocrx_word' id='word_1_217' title='bbox 1274 2716 1475 2754; x_wconf 87' lang='lat' dir='ltr'>Consulem</span> <span class='ocrx_word' id='word_1_218' title='bbox 1505 2716 1574 2752; x_wconf 88' lang='lat' dir='ltr'>dici</span> <span class='ocrx_word' id='word_1_219' title='bbox 1609 2716 1751 2764; x_wconf 82' lang='lat' dir='ltr'>referre</span> 
     </span>
     <span class='ocr_line' id='line_1_29' title="bbox 258 2778 1497 2832; baseline -0.005 -11"><span class='ocrx_word' id='word_1_220' title='bbox 258 2784 407 2832; x_wconf 87' lang='lat' dir='ltr'>quando</span> <span class='ocrx_word' id='word_1_221' title='bbox 425 2794 504 2820; x_wconf 87' lang='lat' dir='ltr'>rem</span> <span class='ocrx_word' id='word_1_222' title='bbox 522 2782 561 2818; x_wconf 83' lang='lat' dir='ltr'>in</span> <span class='ocrx_word' id='word_1_223' title='bbox 580 2786 712 2818; x_wconf 88' lang='lat' dir='ltr'>senatu</span> <span class='ocrx_word' id='word_1_224' title='bbox 726 2781 899 2828; x_wconf 90' lang='lat' dir='ltr'>proponit</span> <span class='ocrx_word' id='word_1_225' title='bbox 917 2780 1192 2827; x_wconf 86' lang='lat' dir='ltr'>sententiasque</span> <span class='ocrx_word' id='word_1_226' title='bbox 1210 2778 1497 2827; x_wconf 56' lang='lat' dir='ltr'>exquirit-M.</span> 
     </span>
    </p>
   </div>
  </div>
 </body>
</html>
