1889 3191
499 242 778 280 SALLUSTII
805 241 1223 280 JUGURTHINUM.
1537 244 1553 276 1
1562 243 1582 277 '2
1593 243 1609 276 l

119 368 277 407 tamen
310 359 635 422 importunum
681 367 780 406 est:
820 359 928 406 cum
962 358 1227 420 praesertim
1262 373 1424 403 omnes
1459 372 1615 402 rerum

120 446 402 493 mutationes
427 446 618 501 caedem,
647 444 848 508 fugam,2
872 445 1053 507 aliaque
1078 443 1271 489 hostilia
1293 441 1579 504 portendant
1602 463 1612 496 ;

118 531 292 578 frustra
315 538 472 578 autem
513 532 616 587 niti,
657 548 808 594 neque
848 530 976 577 aliud
1010 528 1268 592 fatigando,
1309 527 1403 573 nisi
1437 526 1610 581 odium,

117 633 339 679 quaerere,
367 625 588 663 extremae
625 617 877 663 dementiae
913 626 1002 663 est.
1039 615 1132 661 nisi
1155 615 1279 662 forte
1316 629 1454 677 quem
1478 612 1614 659 inho-

116 709 251 749 nesta
273 710 320 750 et
344 704 607 766 perniciosa
627 703 790 750 lubido
826 709 970 758 tenet,
997 702 1223 765 potentiae
1258 717 1514 764 paucorum
1540 699 1616 746 de-

115 805 198 834 cus
223 796 363 852 atque
386 789 652 836 libertatem
678 805 810 836 suam
835 787 1105 851 gratificari.

182 875 270 921 IV.
310 875 550 922 Caeterum
575 892 629 922 ex
665 875 767 921 aliis
792 874 1029 937 negotiis,1
1055 890 1160 937 quae
1183 873 1371 934 ingenio
1397 888 1613 919 exercen-

115 968 207 1015 tur,
235 961 284 1007 in
308 961 474 1023 primis
498 977 670 1024 magno
695 962 802 1007 usui
827 969 898 1007 est
912 960 1141 1006 memoria
1163 975 1319 1006 rerum
1340 967 1581 1021 gestarum
1602 978 1610 1003 :

113 1045 249 1108 cujus
274 1046 331 1093 de
353 1046 541 1102 virtute,
570 1048 680 1109 quia
703 1047 842 1093 multi
867 1047 1036 1100 dixere,
1064 1046 1447 1108 praetereundum
1465 1054 1582 1108 puto
1602 1067 1612 1099 ;

114 1131 271 1187 simul,
300 1147 358 1178 ne
381 1148 466 1194 per
505 1132 806 1179 insolentiam
844 1132 949 1195 quis
986 1131 1252 1186 existumet,
1290 1139 1478 1186 memet,
1520 1140 1616 1178 stu-

113 1216 246 1263 dium
271 1217 523 1272 laudando,
551 1218 786 1265 extollere.
857 1218 1016 1280 Atque
1040 1232 1126 1278 ego
1164 1216 1304 1263 credo
1345 1216 1457 1271 fore,
1497 1217 1616 1280 qui,‘²

113 1301 223 1364 quia
247 1301 430 1348 decrevi
451 1302 617 1364 procul
640 1318 667 1348 a
691 1302 929 1364 republica
954 1308 1144 1347 aetatem
1170 1317 1321 1363 agere,
1340 1307 1475 1347 tanto
1499 1309 1618 1347 tam-

114 1403 203 1449 que
237 1387 345 1434 utili
380 1388 529 1435 labori
568 1405 673 1435 meo
713 1404 888 1435 nomen
932 1387 1117 1434 inertiae
1151 1387 1431 1450 imponant:
1471 1389 1611 1443 certe,

113 1473 285 1536 quibus
319 1490 542 1521 maxuma
580 1474 815 1521 industria
848 1474 1047 1529 videtur,
1091 1473 1294 1520 salutare
1331 1473 1530 1536 plebem,
1571 1483 1616 1520 et

114 1559 338 1605 conviviis
361 1561 562 1622 gratiam
588 1577 812 1624 quaerere.
886 1559 982 1615 Qui
1017 1559 1056 1606 si
1079 1559 1414 1621 reputaverint,
1445 1567 1490 1606 et
1514 1560 1614 1622 qui-

113 1644 202 1691 bus
226 1661 311 1708 ego
334 1646 626 1709 temporibus
652 1646 955 1710 magistrat-us
991 1644 1190 1710 adeptus
1216 1644 1359 1701 sum,3
1384 1652 1430 1693 et
1454 1645 1614 1709 quales

112 1797 150 1832 id
169 1798 336 1843 protulit,
358 1801 458 1846 quod
479 1799 634 1848 Crispus
652 1805 868 1838 extremum
888 1801 1032 1848 posuit:
1062 1799 1102 1836 id
1121 1807 1175 1838 est
1204 1814 1301 1847 pen-73
1324 1801 1612 1849 απεχέένεσέαι,

107 1878 234 1909 ματ-ην
256 1865 601 1904 ‚audenhem—C.

165 1925 180 1947 ⁸
199 1928 240 1963 F
238 1928 387 1979 uyam.]
421 1930 513 1967 This
542 1930 658 1975 word,
690 1929 766 1966 like
798 1929 863 1965 the
883 1929 1007 1967 Greek
1028 1935 1139 1976 φυγη.
1176 1930 1207 1966 is
1240 1930 1341 1966 often
1371 1930 1541 1975 exilium,
1573 1943 1615 1966 as

112 1991 312 2029 here—C.

166 2057 236 2094 IV.
269 2053 281 2076 ¹
310 2057 493 2094 Caeterum
513 2070 561 2093 ea:
581 2057 672 2093 aliis
704 2057 875 2105 neyotiz's‚
897 2057 987 2107 Sto]
1021 2058 1222 2096 casaubon
1252 2070 1300 2095 on
1320 2058 1514 2106 Polybius,
1548 2059 1611 2096 lib.

113 2121 147 2166 1,
169 2121 286 2167 reads,
307 2122 470 2168 perhaps
486 2122 586 2157 from
604 2133 785 2169 memor-v⁷
807 2121 873 2157 Ex
892 2121 940 2156 iis
967 2123 1138 2170 negotiis,
1160 2122 1287 2158 which
1304 2122 1435 2159 makes
1455 2133 1497 2158 as
1515 2124 1614 2170 good

103 2186 334 2225 ,sense—C.

104 2296 108 2299 ,
169 2248 184 2270 ²
200 2250 326 2298 Atque
345 2263 412 2298 eyo
446 2252 557 2289 credo
576 2252 679 2300 fore,
711 2252 787 2298 qui,
825 2251 911 2301 δια]
943 2252 1173 2298 Perizonius,
1206 2263 1255 2288 on
1286 2252 1351 2289 the
1382 2252 1546 2289 Minerv.
1578 2254 1620 2289 of

96 2315 298 2361 Sanctius,
319 2317 420 2353 book
436 2317 474 2352 ii.
496 2328 527 2352 c.
545 2317 580 2361 9,
596 2321 684 2352 note
706 2317 740 2361 2,
759 2316 922 2363 supplies
936 2317 1001 2353 the
1012 2316 1153 2364 ellipsis
1170 2317 1211 2352 in
1222 2316 1299 2352 this
1314 2322 1487 2354 sentence
1501 2319 1590 2355 thus
1604 2333 1612 2354 :

114 2381 207 2417 Fore
224 2382 405 2427 homines,
427 2382 492 2429 qui
510 2381 690 2426 homines,
716 2382 778 2420 διο.
795 2396 803 2428 ;
823 2383 1032 2430 imponant,
1048 2388 1146 2420 certe
1165 2394 1226 2419 eos
1237 2383 1314 2418 fore
1333 2382 1417 2419 illos
1431 2383 1611 2429 homines,

115 2444 252 2492 quibus
270 2445 486 2481 hominibus
504 2446 668 2491 videtur,
690 2445 858 2484 &c.—C.

169 2509 185 2531 ³
202 2511 464 2559 Dlaqz‘stratus
501 2511 665 2558 adeptus
694 2509 812 2560 sum]
846 2511 1000 2557 Sallust,
1038 2513 1150 2548 when
1183 2523 1206 2548 a
1236 2523 1370 2560 young
1401 2524 1502 2558 man,
1536 2513 1615 2550 had

113 2577 207 2612 been
234 2573 408 2616 Quaestor
419 2586 434 2614 ;
457 2575 532 2610 and
550 2574 587 2610 in
607 2575 673 2610 the
691 2586 783 2621 year
802 2575 844 2610 of
858 2575 976 2611 Rome
995 2577 1082 2620 702,
1096 2576 1208 2611 when
1226 2575 1355 2621 public
1373 2575 1500 2613 affairs
1518 2589 1614 2614 were

111 2640 152 2676 in
170 2640 265 2676 such
283 2638 459 2684 disorder,
480 2639 567 2674 that
587 2638 707 2674 Rome
725 2639 802 2674 had
829 2640 922 2675 been
940 2640 1045 2687 eight
1072 2641 1226 2677 months
1244 2641 1407 2678 without
1434 2654 1511 2691 any
1529 2655 1613 2681 ma-

111 2704 280 2753 gistrate,
302 2703 377 2739 and
397 2703 568 2751 Pompey
587 2704 662 2738 had
690 2704 784 2739 been
811 2703 921 2739 made
941 2703 1084 2740 Consul
1102 2705 1263 2741 without
1292 2717 1315 2741 a
1342 2705 1545 2754 eolleague,
1566 2709 1614 2744 he

110 2781 190 2807 was
208 2769 349 2806 elected
375 2766 545 2804 Tribune
564 2769 605 2805 of
618 2769 683 2806 the
702 2779 905 2805 commons
946 2768 1075 2806 When
1093 2771 1158 2807 the
1177 2771 1268 2807 civil
1286 2783 1386 2808 wars
1404 2773 1520 2810 broke
1535 2780 1615 2823 out,

1363 2851 1405 2881 M
