1889 3191
266 171 341 206 282
649 171 926 221 SALLUsrn
953 172 1367 212 JUGURTHINUM.

263 284 343 347 qui
365 285 586 346 centuriis
608 294 855 348 praeerant,
871 289 1097 351 praedocti
1111 290 1169 337 ab
1194 289 1343 346 duce,l
1362 305 1491 337 arma
1507 296 1745 337 ornatum-

265 384 354 430 que
375 375 696 428 mutaverant3
722 373 873 435 capite
896 379 1034 436 atque
1056 374 1254 436 pedibus
1271 374 1424 431 nudis,
1445 375 1515 421 uti
1528 390 1746 438 prospec-

264 458 342 499 tus
365 453 587 517 nisusque
610 472 693 518 per
726 473 837 503 saxa
858 457 1040 504 facilius
1073 459 1227 514 foret;
1271 477 1410 523 super
1442 468 1574 524 terga
1606 461 1748 524 gladii

266 546 312 584 et
335 546 482 595 scuta,
520 540 681 587 verum
716 557 770 588 ea
792 542 1048 588 Numidica
1081 558 1137 589 ex
1158 544 1310 599 coriis,
1335 545 1555 606 ponderis
1577 545 1748 609 gratia²

269 626 422 683 simul,
450 633 497 674 et
520 628 699 674 offensa
721 629 812 691 quo
845 628 992 676 levius
1027 636 1303 693 streperent.
1374 633 1526 694 Igitur
1548 649 1749 697 praegre-

267 710 399 757 diens
423 712 569 774 Ligus
594 728 717 769 saxa,
736 720 783 760 et
807 714 847 760 si
869 731 975 777 quae
990 721 1223 763 vestutate
1246 715 1443 763 radices³
1467 717 1747 772 eminebant,

265 795 441 857 laqueis
464 796 708 854 vinciebat,
736 799 905 861 quibus
930 798 1131 846 adlevati
1145 799 1326 847 facilius
1344 800 1658 847 ascenderent.
1682 801 1752 847 in·

267 878 453 926 terdflm
498 880 689 927 timidos
733 881 983 929 insolentia
1027 883 1207 930 itineris
1253 884 1405 931 levare
1454 900 1625 931 manu:
1669 884 1752 931 ubi

266 962 420 1024 paullo
445 964 651 1024 asperior
674 964 940 1021 adscensus,
978 965 1187 1028 singulos
1209 982 1309 1027 prae
1333 982 1381 1013 se
1420 966 1623 1013 inermos
1645 966 1753 1014 mit-

268 1054 364 1093 tere
385 1067 397 1102 ;
424 1046 592 1094 deinde
615 1049 715 1110 ipse
739 1065 846 1095 cum
881 1049 1068 1096 illorum
1096 1049 1238 1099 armis
1273 1049 1404 1112 sequi
1429 1069 1440 1095 :
1482 1066 1588 1113 quae
1611 1049 1753 1097 dubia

266 1129 372 1176 nisu
395 1130 673 1178 videbantur
695 1132 985 1194 potissumus
1004 1139 1198 1188 tentare,
1221 1149 1273 1179 ac
1291 1131 1465 1194 saepids
1489 1132 1648 1180 eadem
1673 1132 1753 1179 ad-

269 1215 494 1263 scendens
518 1216 907 1280 descendensque,
936 1217 1044 1264 dein
1067 1218 1227 1264 statim
1263 1217 1543 1279 digrediens,
1571 1217 1752 1264 caeteris

268 1303 509 1350 audaciam
532 1304 719 1350 addere.
789 1305 941 1366 Igitur
975 1304 1055 1350 diu
1089 1304 1382 1367 multumque
1415 1304 1612 1367 fatigati,
1651 1312 1753 1351 tan-

269 1387 374 1433 dem
420 1388 469 1433 in
513 1389 756 1435 castellum
800 1390 1092 1451 perveniunt,
1133 1390 1370 1436 desertum
1409 1391 1466 1437 ab
1501 1394 1553 1437 ea
1586 1400 1717 1454 parte
1740 1412 1748 1439 :

268 1472 390 1534 quod
413 1488 589 1528 omnes,
619 1473 754 1520 sicuti
778 1474 880 1521 aliis
905 1474 1083 1530 diebus,
1107 1474 1355 1522 advorsum
1373 1474 1525 1522 hostis
1544 1476 1753 1523 aderant.

268 1554 465 1610 Marius,
515 1556 595 1601 ubi
637 1572 692 1602 ex
738 1557 935 1612 nunciis,
978 1573 1083 1618 quae
1121 1557 1268 1619 Ligus
1315 1564 1483 1620 egerat,
1522 1558 1752 1619 cognovit,

320 1726 463 1764 XCIV.
496 1725 507 1747 ¹
531 1727 607 1773 Illi,
638 1729 704 1776 qui
732 1730 911 1765 centuriis
937 1736 1141 1777 praeerant,
1156 1729 1343 1777 praedocti
1371 1731 1420 1766 ab
1447 1728 1574 1780 duca]
1607 1731 1756 1768 Cortius

265 1790 395 1827 thinks
413 1792 490 1828 this
508 1793 665 1840 reading
683 1804 772 1840 may
791 1794 836 1829 be
856 1793 1035 1830 tolerated
1051 1808 1060 1839 3
1091 1795 1160 1830 but
1178 1798 1244 1841 yet
1262 1795 1331 1830 has
1350 1805 1452 1830 some
1469 1795 1654 1841 suspicion
1674 1795 1758 1831 that

265 1853 329 1889 the
359 1855 490 1900 words,
528 1855 592 1902 qui
623 1855 799 1891 centuriis
831 1861 1016 1902 praeerant
1047 1857 1145 1893 have
1176 1857 1269 1893 been
1289 1867 1312 1892 a
1338 1856 1525 1904 marginal
1557 1861 1654 1901 note,
1683 1858 1759 1894 and

264 1917 430 1965 brought
448 1918 527 1955 into
545 1920 609 1955 the
628 1923 715 1955 text
734 1920 785 1967 by
801 1931 901 1956 some
920 1932 1080 1968 unwary
1098 1933 1139 1958 or
1157 1922 1332 1969 ignorant
1350 1921 1584 1958 transcriber.
1640 1922 1759 1959 These

263 1982 376 2030 being
394 1983 543 2019 thrown
562 1989 638 2029 out,
659 1984 722 2020 the
741 1996 911 2031 pronoun
928 1985 983 2021 illi
1001 1986 1079 2021 will
1099 1987 1231 2023 denote
1250 1987 1314 2023 the
1328 1987 1522 2033 tubicines,
1543 1987 1755 2033 cornicineS,

264 2047 338 2081 and
357 2048 600 2094 centuriones,
621 2048 834 2085 mentioned
852 2050 1017 2086 towards
1034 2050 1100 2086 the
1128 2051 1200 2086 end
1219 2050 1261 2087 of
1274 2051 1338 2086 the
1366 2051 1565 2098 preceding
1592 2051 1756 2097 chapter,

265 2110 359 2154 who,
383 2110 494 2158 being
525 2112 612 2148 nine
630 2112 670 2147 in
701 2112 870 2158 number,
890 2113 1011 2159 made,
1033 2114 1127 2150 with
1146 2113 1242 2149 their
1275 2113 1367 2158 dux,
1398 2114 1463 2150 the
1482 2113 1674 2161 Ligurian,
1696 2119 1759 2151 ten

264 2184 415 2219 persons
434 2174 473 2210 in
492 2174 553 2220 all,
575 2175 660 2211 that
679 2187 775 2213 were
794 2180 833 2212 to
851 2187 903 2223 go
920 2187 1021 2223 upon
1039 2177 1116 2213 this
1134 2176 1459 2223 enterprise.-—M.

317 2234 331 2255 ²
350 2236 540 2274 Ponderis
555 2237 708 2288 yratid]
730 2239 755 2274 i.
777 2251 807 2275 e.
827 2240 999 2286 ponderis
1017 2240 1165 2277 levioris
1179 2238 1314 2288 gratia.
1373 2240 1434 2277 Ita
1448 2251 1636 2286 numeruS,
1652 2252 1759 2277 men-

265 2314 361 2349 sura,
382 2304 614 2352 magnitudo,
635 2309 673 2341 et
691 2304 766 2341 alia
784 2306 969 2352 ejusmodi
986 2303 1091 2342 haud
1109 2303 1194 2342 raro
1224 2310 1425 2352 ponuntur,
1447 2310 1490 2341 ut
1508 2304 1583 2342 tale
1602 2306 1759 2354 adjecti-

264 2377 356 2402 vum
375 2366 660 2414 intelligendum
680 2368 740 2403 sit.
789 2367 845 2404 Eo
864 2368 974 2404 modo
990 2367 1074 2406 Cor.
1090 2368 1185 2415 Nep.
1201 2380 1309 2415 praes.
1326 2368 1444 2404 Plura
1457 2369 1628 2416 persequi
1646 2380 1757 2418 mag-

263 2428 395 2465 nitudo
425 2429 627 2466 voluminis
656 2430 838 2477 prohibet.
894 2430 983 2467 Non
1010 2428 1123 2467 aliter
1141 2442 1184 2468 ea
1214 2430 1489 2479 intelliguntur,
1511 2443 1626 2479 quam
1643 2432 1757 2477 locus,

264 2497 421 2539 tempus,
443 2493 629 2540 valetudo,
652 2506 789 2540 cassus,
820 2505 961 2541 caussa,
983 2496 1117 2542 gratia,
1138 2496 1259 2532 multa
1286 2492 1475 2542 praeoerea,
1496 2506 1580 2543 quae
1607 2494 1756 2542 proprie

265 2557 386 2593 media
404 2561 513 2603 sunt;
544 2559 607 2594 sed
625 2557 762 2605 saepius
780 2558 820 2594 in
839 2559 996 2595 alteram
1015 2564 1161 2606 partem
1179 2558 1279 2597 nude
1299 2560 1621 2597 sumamma—M.

319 2619 334 2641 ⁸
364 2622 555 2658 Vetustate
581 2623 767 2673 radices]
800 2624 872 2660 Per
905 2636 970 2661 seu
1002 2630 1153 2672 propter
1185 2630 1426 2662 vetustatem.
1482 2625 1585 2662 Nam
1618 2625 1760 2661 radices

267 2697 492 2734 magnarum
512 2689 686 2724 arborum
706 2700 771 2736 per
790 2693 1019 2725 vestutatem
1039 2690 1246 2736 prominere
1266 2689 1508 2727 solent.-M.
