1889 3191
511 200 791 239 SALLUSTII
817 199 1237 238 JL'GURTHINUM.
1553 197 1597 231 19
1605 196 1625 231 7

132 329 224 377 tur,
274 319 500 374 effecerat,
538 319 608 364 uti
653 318 754 380 ipse
799 318 849 364 in
883 333 937 364 eo
976 331 1172 363 numero
1212 320 1462 362 crearetur.
1537 311 1632 358 Sed

131 407 330 472 quaestio
353 405 554 454 exercita
575 407 736 468 aspere
758 405 1077 468 violenterque
1101 419 1157 451 ex
1190 400 1413 457 rumore,¹
1435 405 1483 447 et
1505 396 1628 444 lubi-

133 492 241 539 dine
263 491 414 555 plebis
434 512 446 547 ;
484 497 538 537 ut
562 507 688 554 saepe
722 490 1031 545 nobilitatem,
1062 488 1128 535 sic
1152 488 1205 535 ea
1229 490 1509 550 tempestate
1534 482 1630 545 ple-

131 578 238 624 bem
262 593 319 624 ex
340 576 558 624 secundis
582 577 722 624 rebus
745 576 994 624 insolentia
1019 580 1228 636 ceperat.

197 663 332 709 XLI.
372 661 612 710 Caeterum
651 680 754 710 mos
793 663 1001 727 partium
1039 660 1340 725 popularium
1381 665 1428 705 et
1476 655 1628 703 senati

129 749 405 805 factionum,
448 766 502 796 ac
539 749 707 796 deinde
745 749 956 796 omnium
993 748 1223 795 malarum
1259 745 1430 793 artium
1466 741 1629 806 paucis

131 842 240 884 ante
259 835 399 883 annis
424 836 592 883 Romae
615 842 762 893 ortus,
781 836 877 883 otio
901 842 947 883 et
966 832 1255 882 abundantia
1273 848 1434 880 earum
1451 845 1624 882 rerum,

129 940 238 987 quae
261 923 427 986 prima·
446 923 685 971 mortalesl
721 923 914 970 ducunt.
988 922 1114 968 Nam
1149 926 1258 968 ante
1295 916 1631 979 Carthaginem

132 1008 348 1065 deletam,
372 1009 577 1072 populus
601 1016 648 1056 et
685 1015 875 1056 senatus
919 1009 1162 1055 Romanus
1184 1006 1368 1069 placide
1402 1002 1633 1050 modeste·

133 1110 222 1159 que
245 1094 368 1142 inter
391 1111 440 1142 se
464 1094 802 1157 rempublicam
838 1093 1134 1140 tractabant:
1172 1106 1323 1154 neque
1347 1088 1524 1152 gloriae,
1553 1102 1632 1132 ne-

132 1193 224 1242 que
250 1176 584 1224 dominationis
609 1183 847 1224 certamen
881 1175 1006 1222 inter
1029 1174 1143 1221 civis
1180 1178 1277 1220 erat
1299 1191 1308 1218 :
1346 1176 1502 1218 metus
1525 1168 1633 1214 hos-

132 1264 229 1311 tilis
252 1263 303 1310 in
335 1263 472 1310 bonis
508 1262 687 1310 artibus
722 1262 959 1310 civitatem
992 1259 1240 1307 retinebat.
1313 1256 1407 1304 Sed
1438 1255 1521 1302 ubi
1555 1253 1635 1299 illa

132 1350 334 1398 formido
358 1350 596 1397 mentibus
621 1349 837 1397 discessit
857 1371 870 1406 ;
893 1349 1068 1396 scilicet
1094 1364 1160 1403 ea,
1189 1363 1296 1410 quae
1320 1343 1539 1393 secundae
1558 1358 1632 1389 res

133 1444 311 1494 amant,
336 1436 527 1484 lascivia
549 1442 689 1499 atque
729 1436 949 1499 superbia
981 1435 1229 1482 incessere.
1297 1433 1385 1485 Ita,
1428 1430 1554 1494 quod
1587 1429 1637 1474 in

129 1523 344 1572 advorsis
367 1524 508 1571 rebus
532 1529 822 1587 optaverant,
851 1523 1015 1578 otium,
1043 1528 1296 1585 postquam
1321 1518 1480 1582 adepti
1505 1523 1632 1571 sunt,

132 1610 346 1674 asperius
380 1610 684 1673 acerbiusque
719 1609 827 1656 fuit.
925 1609 1143 1671 Namque
1195 1622 1376 1670 coepere
1410 1604 1633 1652 nobilitas

132 1696 427 1761 dignitatem,
454 1696 657 1759 populus
680 1696 946 1743 libertatem
962 1695 1012 1741 in
1034 1693 1294 1740 lubidinem
1311 1699 1490 1739 vertere
1512 1711 1521 1738 :
1546 1690 1635 1738 sibi

131 1783 329 1847 quisque
354 1781 535 1838 ducere,
563 1781 764 1837 trahere,
788 1796 967 1844 rapere.
1039 1780 1116 1827 Ita
1141 1778 1299 1826 omnia
1318 1779 1370 1825 in
1391 1778 1510 1824 duas
1528 1793 1632 1840 par-

130 1869 194 1917 tis
217 1868 453 1915 abstracta
476 1873 602 1914 sunt.
639 1866 917 1930 respublica,
955 1882 1061 1929 quae
1085 1865 1240 1912 media
1262 1864 1427 1919 fuerat,
1468 1862 1635 1909 dilace-

130 1962 249 2003 rata.
320 1952 560 2002 Caeterum
595 1953 816 2001 nobilitas
851 1952 1054 2000 factione
1088 1952 1238 2014 magis
1260 1950 1498 2014 pollebat:
1537 1947 1634 2011 ple-

131 2042 205 2089 bis
227 2041 297 2088 vis
319 2041 476 2088 soluta
499 2048 639 2103 atque
663 2039 874 2102 dispersa
897 2039 948 2084 in
982 2036 1287 2084 multitudine
1323 2033 1480 2081 minus
1504 2040 1635 2096 pote-

130 2135 204 2176 rat
221 2126 258 2176 :²
279 2142 538 2190 paucorum
563 2126 755 2173 arbitrio
778 2125 890 2173 belli
915 2124 1136 2188 domique
1154 2122 1420 2186 agitabatur
1441 2139 1451 2165 z
1489 2134 1632 2182 penes

185 2299 269 2337 XL.
300 2297 313 2320 ¹
333 2300 403 2336 Ex
423 2297 607 2349 rumora]
639 2299 759 2336 Prout
786 2299 944 2346 quisque
971 2296 1140 2334 conscius
1169 2295 1388 2332 delictorum
1415 2290 1518 2328 fama
1537 2291 1631 2328 fere-

128 2371 252 2414 batur,
272 2368 328 2404 ita
344 2367 386 2403 in
403 2378 491 2403 curn
510 2363 1006 2402 animadvertebator.—M.

184 2431 290 2469 XLI.
319 2429 333 2452 ¹
361 2429 453 2471 Quae
466 2428 599 2476 prima
620 2428 811 2474 mortales,
836 2426 923 2477 &c.]
946 2427 1035 2464 Vid.
1058 2426 1227 2462 Perizon.
1251 2425 1300 2461 ad
1329 2422 1456 2461 sanct.
1477 2433 1513 2469 p.
1538 2422 1627 2458 205.

131 2496 201 2536 See
220 2497 299 2534 also
317 2492 490 2538 beneath,
512 2492 570 2528 ch.
593 2493 655 2529 96.
714 2492 777 2529 On
795 2492 871 2528 this
898 2489 1135 2527 remarkable
1163 2492 1334 2526 sentence
1362 2485 1451 2531 aISO,
1472 2485 1634 2522 Anthon

129 2563 206 2600 and
224 2562 345 2610 Boyd,
369 2555 443 2596 ουδὲ
464 2573 546 2610 ‘73¹‘-
605 2557 682 2595 Cic.
704 2560 744 2593 to
765 2557 861 2602 Tiro,
883 2555 947 2592 lib.
972 2556 1032 2601 16,
1055 2553 1176 2601 Epist.
1201 2554 1234 2598 6,
1258 2552 1306 2588 ad
1325 2550 1459 2588 Famil.
1516 2550 1630 2595 Illud,

129 2628 184 2665 mi
202 2628 300 2674 Tiro,
321 2631 359 2664 te
377 2637 480 2675 rogo,
502 2628 659 2671 sumpt-u
689 2633 736 2659 ne
754 2632 888 2669 parcas
918 2619 998 2656 ulla
1027 2619 1067 2655 in
1085 2631 1136 2665 re,
1159 2618 1264 2666 quod
1293 2616 1341 2653 ad
1372 2615 1629 2653 valetudinem

131 2703 224 2739 opus
242 2690 404 2730 sit-C.

182 2756 198 2779 ²
215 2757 421 2806 Dispersa,
442 2757 484 2794 in
503 2752 758 2799 multitudine,
780 2748 904 2787 τηίηὰε
919 2746 1111 2799 poterat]
1144 2747 1238 2785 Haec
1258 2751 1314 2785 est
1332 2746 1446 2785 MSS.
1464 2746 1632 2784 omnium

1350 2826 1374 2857 s
1401 2813 1429 2856 2
