1889 3191
543 236 824 275 SALLUSTII
852 236 877 272 J
882 235 1176 273 UGURTHIN
1179 236 1272 273 UM.
1585 239 1661 274 263

159 356 313 403 aetatis
338 373 365 402 a
387 354 589 418 pueritia
612 353 695 409 fui,
721 360 775 400 ut
798 369 961 400 omnes
985 352 1182 408 labores,
1208 352 1416 415 pericula
1439 362 1663 401 consueta

158 443 372 489 habeam.
442 441 563 495 Quae
587 447 696 486 ante
730 446 885 486 vestra
919 439 1143 485 beneficia
1177 438 1383 501 gratuito
1418 438 1657 494 faciebam,

157 544 211 574 ea
249 528 334 581 uti,
383 526 574 588 accepta
614 525 840 581 mercede,
881 524 1108 579 deseram,
1152 541 1248 570 non
1288 533 1360 570 est
1395 524 1657 580 consilium,

157 611 380 666 Quirites.
432 611 535 657 Illis
560 610 749 657 difficile
773 617 844 657 est
867 611 918 655 in
936 609 1252 672 potestatibus
1276 616 1552 673 temperare,
1581 612 1662 674 qui

155 714 238 760 per
260 697 566 745 ambitionem
605 713 707 744 sese
731 697 905 760 probos
942 696 1251 742 simulavere:
1290 696 1422 752 mihi,
1451 697 1531 760 qui
1565 713 1663 744 om-

155 801 264 830 nem
288 792 478 830 aetatem
503 784 554 830 in
589 784 798 846 optumis
833 783 1013 829 artibus
1049 783 1137 845 egi,
1177 783 1453 830 benefacere
1470 784 1571 847 jam
1607 801 1664 831 ex

155 869 495 916 consuetudine
518 869 567 915 in
591 876 806 915 naturam
832 869 987 915 vertit.
1060 869 1248 915 Bellum
1273 886 1348 916 me
1371 886 1530 932 gerere
1554 888 1660 917 cum

156 956 396 1018 ,Iugurtha
414 956 626 1019 jussistis
652 977 663 1010 3
707 973 847 1019 quam
872 972 971 1002 rem
996 957 1217 1003 nobilitas
1252 961 1508 1020 aegerrume
1533 959 1660 1006 tulit.

157 1044 345 1098 Quaeso,
374 1051 589 1106 reputate
615 1060 720 1089 cum
747 1044 916 1090 animis
939 1044 1121 1099 vestris,
1150 1061 1266 1091 num
1290 1045 1340 1091 id
1358 1054 1540 1093 mutare
1564 1064 1663 1094 me-

153 1129 244 1175 lius
270 1130 345 1184 sit,
375 1130 413 1175 si
429 1146 567 1192 quem
592 1146 649 1175 ex
671 1129 752 1175 illo
767 1130 908 1191 globo
932 1129 1192 1176 nobilitatis
1218 1130 1278 1176 ad
1301 1131 1405 1186 hoc,
1426 1141 1507 1178 aut
1532 1132 1660 1178 aliud

154 1216 246 1261 tale
269 1217 510 1278 negotium
537 1215 749 1270 mittatis,
772 1215 1014 1262 hominem
1029 1216 1200 1262 veteris
1215 1217 1448 1280 prosapiae
1468 1235 1520 1264 ac
1539 1219 1660 1265 mul-

153 1311 309 1348 tarum
331 1301 634 1365 imaginum,⁵
661 1309 706 1348 et
730 1301 906 1348 nullius
931 1301 1185 1364 stipendii:
1214 1302 1389 1349 scilicet
1409 1311 1461 1349 ut
1484 1304 1532 1350 in
1558 1313 1659 1351 tan-

153 1390 201 1435 ta
226 1406 288 1443 re,
313 1389 505 1451 ignarus
529 1388 755 1444 omnium,
783 1387 998 1450 trepidet,
1027 1387 1232 1443 festinet,
1264 1396 1420 1435 sumat
1455 1389 1658 1453 aliquem

156 1489 211 1518 ex
236 1472 411 1535 populo
446 1471 727 1518 monitorem
764 1471 922 1518 officii.
993 1472 1070 1517 Ita
1104 1471 1381 1535 plerumque
1410 1474 1578 1530 evenit,
1607 1484 1660 1521 ut

154 1575 293 1621 quem
317 1574 398 1604 vos
432 1558 663 1620 imperare
691 1557 917 1620 jussistis,
946 1559 986 1604 is
1023 1558 1112 1604 sibi
1146 1558 1478 1621 imperatorem
1514 1561 1659 1607 alium

155 1653 350 1708 quaerat.
423 1646 581 1707 Atque
617 1660 703 1706 ego
741 1644 850 1699 scic,
879 1645 1102 1700 Quirites,
1142 1646 1223 1708 qui
1257 1653 1510 1710 postquam
1537 1648 1660 1695 Con·

155 1731 280 1778 sules
315 1731 428 1777 facti
466 1740 591 1786 sunt,
637 1740 742 1778 acta
775 1731 1006 1794 majorum
1045 1738 1091 1778 et
1126 1732 1402 1780 Graecorum
1440 1735 1662 1782 militaria

154 1828 392 1880 praecepta
424 1817 576 1879 legere
611 1817 870 1880 coeperint3
910 1817 1127 1864 homines
1162 1820 1458 1880 praeposteri.
1532 1821 1656 1868 Nam

151 1917 325 1964 gerere,
353 1904 492 1963 quam
517 1901 631 1956 fieri,
661 1909 871 1960 tempore
896 1901 1146 1963 posterius,
1174 1917 1224 1947 re
1249 1911 1387 1964 atque
1411 1919 1502 1948 usu
1527 1905 1658 1966 prius

153 1987 264 2034 est.⁶
333 1987 616 2050 Comparate
651 2003 790 2043 nunc,
819 1987 1043 2042 QuiriteS,
1073 2004 1180 2033 cum
1216 1987 1402 2034 illorum
1441 1991 1660 2052 superbia

153 2090 227 2120 me
251 2074 491 2120 hominem
527 2090 718 2120 novum.
791 2074 912 2129 Quae
945 2074 1014 2120 illi
1038 2073 1198 2121 audire
1223 2082 1269 2120 et
1303 2074 1457 2136 legere
1489 2076 1655 2132 solent,

154 2272 202 2306 ad
221 2269 344 2307 acrius
363 2271 611 2307 adnitendum
629 2270 884 2318 impellebant,
906 2282 1064 2317 quaeque
1078 2270 1270 2316 propos-ita
1288 2270 1472 2308 habebat:
1493 2271 1660 2318 primum

153 2337 203 2373 ne
235 2342 432 2382 caperetur
458 2336 585 2383 plebes
618 2337 666 2373 ab
696 2336 897 2381 nobilibus⁷
920 2336 995 2383 qui,
1029 2336 1059 2371 si
1079 2336 1225 2371 Marius
1257 2334 1359 2372 male
1388 2339 1661 2384 rempublicam

152 2400 338 2446 gessisset,
361 2402 597 2437 acerbissime
612 2401 652 2436 in
671 2401 780 2436 illum
799 2401 922 2445 simul,
946 2407 982 2436 et
1002 2400 1148 2447 plebem
1162 2401 1393 2437 vindicaturi
1411 2403 1660 2441 videbantur:

152 2462 324 2508 alterum,
347 2470 390 2500 ut
419 2466 497 2510 ipse
516 2464 704 2500 nobilitati
732 2464 915 2500 illuderet.
975 2465 1039 2499 Ex
1059 2465 1177 2501 altera
1196 2470 1303 2511 parte
1330 2466 1509 2512 studium,
1532 2480 1584 2504 ex
1603 2470 1661 2505 al-

155 2534 235 2562 tera
255 2528 394 2573 odium,
417 2528 789 2564 stimulabant—M.

207 2589 223 2610 ⁵
247 2590 464 2627 Multarum
484 2589 730 2641 imayinu1n.]
764 2591 833 2628 See
852 2603 932 2638 cap.
955 2594 991 2638 4,
1012 2597 1100 2629 note
1130 2593 1280 2630 2.—M.

210 2655 226 2675 ⁶
247 2658 304 2692 Re
323 2662 439 2703 atque
458 2668 527 2690 usu
541 2655 658 2703 prius
678 2654 768 2705 θεὴ]
802 2656 840 2692 Is
859 2658 957 2703 gerit
986 2664 1098 2693 antea
1126 2658 1375 2705 consulatum,
1399 2657 1512 2707 quam
1541 2662 1664 2699 fact-us

159 2729 226 2769 est,
249 2724 315 2771 qui
333 2722 372 2758 in
392 2723 601 2768 tribunatu,
623 2720 799 2769 praetura,
821 2723 980 2770 aliisque
998 2724 1250 2770 potestatibus
1269 2726 1322 2763 ita
1342 2728 1474 2776 agitat,
1497 2730 1554 2766 uti
1573 2741 1662 2766 con-

157 2789 284 2827 sulatu
303 2789 474 2826 omnium
490 2789 632 2837 judicio
653 2789 791 2837 dignus
810 2790 1119 2826 habetatum—M.
