1889 3191
547 226 828 267 SALLUSTII
854 228 881 266 J
883 227 1274 267 UGURTHJNUM.
1585 233 1662 269 293

153 346 288 406 aeque
312 342 491 406 aliquos
514 342 573 389 ab
597 341 749 404 tergo³
770 342 988 390 hostibus
1006 350 1244 392 venturos.
1291 344 1489 391 Interim
1509 345 1652 403 Sulla,

151 444 292 490 quem
315 427 521 490 primum
555 426 835 489 adtigerant,
863 427 1137 475 cohortatus
1173 443 1298 483 suOS,
1326 430 1572 475 turmatim
1608 440 1656 476 et

151 512 293 575 quam
317 513 538 558 maxume
561 511 784 558 confertis
809 511 940 575 equis
961 511 1064 574 ipse
1088 511 1279 572 aliique⁴
1301 512 1500 559 Mauros
1522 513 1653 561 inva-

149 595 298 642 dunt:
336 596 496 643 caeteri
517 596 568 643 in
588 596 692 644 loco
714 603 959 645 manentes
983 597 1041 644 ab
1059 597 1230 660 jaculis
1255 596 1441 644 eminus
1465 599 1652 646 emissis

147 696 344 742 corpora
366 687 537 744 tegere,
565 688 612 728 et
637 682 675 729 si
698 683 778 745 qui
811 682 862 728 in
884 698 1054 729 manus
1088 689 1326 738 venerant,
1355 683 1650 731 obtruncare.

150 766 278 812 Dum
302 782 356 813 eo
390 766 532 814 modo
566 767 745 830 equites
769 767 1059 830 praeliantur,
1086 767 1304 814 Bocchus
1340 783 1447 814 cum
1481 768 1654 830 pediti-

148 850 254 905 bus,
280 867 398 913 quos
421 851 576 898 Volux
612 851 737 899 filius
775 851 875 915 ejus
913 851 1187 908 adduxerat,
1225 868 1376 915 neque
1412 853 1461 898 in
1499 852 1653 915 priore

147 935 321 997 pugna,
348 935 399 982 in
420 935 589 982 itinere
611 936 796 991 morati,
835 935 1123 992 adfuerant‚⁵
1160 944 1450 999 postremam
1476 938 1651 984 Roma-

147 1035 317 1065 norum
340 1020 486 1067 aciem
509 1020 754 1067 invadunt.
825 1020 950 1068 Tum
976 1021 1160 1068 Marius
1185 1021 1312 1083 apud
1334 1022 1516 1084 primos
1539 1038 1648 1084 age-

146 1105 241 1159 bat,
270 1105 394 1168 quod
428 1106 495 1152 ibi
532 1106 772 1169 ‚Iugurtha
811 1122 919 1153 cum
955 1107 1188 1168 plurimis.
1259 1107 1383 1154 Dein
1422 1107 1651 1162 Numida,

148 1191 338 1252 cognito
363 1191 542 1237 Bocchi
565 1191 784 1245 adventu,
803 1191 920 1237 clam
943 1208 1048 1238 cum
1074 1192 1238 1254 paucis
1261 1192 1322 1237 ad
1344 1191 1526 1253 pedites
1546 1208 1655 1238 con-

147 1275 291 1321 vortit
309 1275 343 1320 :6
376 1275 444 1321 ibi
467 1275 640 1322 Latine
668 1274 800 1334 (nam
836 1275 965 1336 apud
988 1275 1303 1321 Numantiam
1327 1275 1458 1338 loqui
1482 1275 1656 1323 didice-

144 1359 240 1419 rat)
282 1360 525 1416 exclamat,
556 1366 790 1407 “nostros
828 1360 1006 1407 frustra
1050 1377 1263 1422 pugnare
1285 1381 1296 1415 ;
1334 1360 1494 1423 paullo
1539 1363 1652 1408 ante

146 1445 355 1491 Marium
380 1446 465 1491 sua
481 1462 626 1492 manu
642 1445 943 1492 interfectum
961 1446 989 1500 ;'
1037 1445 1179 1491 simul
1193 1445 1403 1507 gladium
1423 1447 1651 1508 sanguine

143 1529 343 1576 oblitum
368 1529 628 1585 ostendere,
658 1546 797 1592 quem
819 1529 869 1576 in
904 1530 1078 1592 pugna,
1119 1531 1232 1577 satis
1257 1530 1462 1593 impigre
1499 1531 1652 1577 occiso

199 1711 215 1734 ³
235 1711 368 1761 AEque}
389 1714 543 1761 aliquos
562 1715 611 1749 ab
631 1710 772 1762 ter90.]
803 1710 929 1759 AEque
946 1713 1189 1760 jungendum
1215 1716 1273 1750 est
1301 1724 1388 1750 cum
1417 1715 1578 1752 dictione
1607 1718 1654 1753 ab

144 1785 263 1827 tergo.
320 1777 445 1815 Norat
463 1779 564 1815 enim
582 1778 607 1815 J
610 1778 788 1825 ugurtha,
806 1778 853 1814 ab
873 1783 981 1825 tergo
1001 1777 1193 1814 Romanos
1210 1776 1361 1815 facilius
1375 1779 1507 1816 invadi
1521 1793 1649 1828 posse:

144 1849 183 1880 et
200 1841 291 1880 cum
308 1843 350 1879 in
368 1848 530 1890 quatuor
547 1847 673 1889 partes
692 1853 779 1878 suos
799 1841 997 1887 divisisset,
1021 1842 1205 1888 sperabat,
1236 1846 1281 1879 ut
1307 1854 1384 1878 una
1404 1844 1538 1880 saltem
1566 1857 1653 1893 pars

144 1921 298 1946 suorum
313 1906 421 1956 aeque
442 1909 489 1945 ab
507 1912 614 1956 tergo
634 1908 826 1944 Romanos
844 1907 1022 1943 invadere
1040 1907 1288 1953 posset—M.

197 1972 213 1995 4
234 1974 325 2022 Ipse
343 1971 521 2023 aliique]
545 1973 696 2011 Cortius
713 1973 822 2009 looks
841 1984 891 2008 on
909 1973 1015 2009 these
1033 1972 1156 2008 words
1175 1983 1216 2008 as
1230 1972 1412 2018 spurious,
1428 1976 1505 2010 and
1518 1975 1651 2012 thinks

144 2040 210 2075 the
227 2039 331 2075 word
351 2038 468 2084 Sulla,
488 2038 606 2074 taken
618 2038 659 2073 in
672 2037 754 2084 conj
761 2037 915 2072 unction
929 2036 1023 2071 with
1038 2036 1102 2071 the
1118 2040 1299 2081 sentence,
1319 2037 1546 2086 sufficiently
1560 2050 1650 2085 sup-

144 2103 237 2149 plies
255 2105 320 2139 the
339 2104 444 2150 place
462 2104 503 2139 of
518 2115 541 2139 a
558 2102 684 2149 plural
709 2101 943 2138 nominative
969 2104 1009 2136 to
1027 2100 1093 2136 the
1112 2101 1203 2136 verb
1231 2101 1421 2138 invadunt
1436 2115 1444 2147 ;
1475 2113 1517 2139 as
1535 2104 1650 2151 being

144 2166 361 2213 equivalent
378 2171 419 2202 to
440 2165 547 2204 Sulla
565 2176 652 2201 cum
671 2165 748 2201 suis
765 2163 1081 2201 invadunt.—M.

198 2227 214 2250 ⁵
231 2228 408 2264 Bocchus
427 2240 511 2264 cum
522 2227 730 2276 peditibus,
752 2239 845 2275 quos
878 2226 912 2259 V
909 2226 999 2261 olus
1009 2224 1123 2273 filius
1152 2225 1232 2272 ejus
1262 2226 1496 2273 addua-erat,
1527 2241 1648 2277 neque

144 2292 185 2328 in.
198 2293 333 2340 priore
346 2289 759 2340 pumici—adfuerant,
777 2287 865 2338 &c.]
887 2288 1027 2325 Where
1045 2300 1164 2336 neque
1177 2288 1210 2324 is
1223 2288 1280 2324 for
1299 2294 1337 2326 et
1356 2290 1422 2337 qui
1440 2303 1528 2327 non.
1580 2292 1648 2329 See

144 2357 314 2394 Perizon.
328 2368 376 2392 on
392 2356 519 2393 Sancti
532 2355 708 2400 Minerva,
724 2354 788 2390 lib.
809 2356 841 2399 1,
857 2366 887 2389 c.
907 2355 968 2398 17,
980 2364 1017 2399 p·
1037 2354 1123 2398 158,
1142 2353 1218 2389 and
1231 2353 1288 2388 for
1302 2354 1367 2390 the
1379 2357 1644 2401 construction,

71 2431 81 2440 ·
146 2420 320 2456 Bocchus
337 2431 425 2455 cum
443 2418 792 2465 ped—invadunt3
824 2416 908 2454 Cat.
929 2427 960 2451 c.
981 2417 1044 2460 43,
1067 2415 1250 2451 Lentulus
1277 2427 1364 2452 cum
1393 2419 1535 2455 caeteris
1555 2431 1647 2455 con-

145 2483 354 2519 stituerant
366 2494 381 2523 ;
411 2486 451 2518 to
486 2481 614 2517 which
641 2480 715 2516 add
747 2479 976 2525 Pomponius
1011 2479 1138 2515 Laetus
1166 2478 1206 2514 in
1234 2479 1298 2514 the
1337 2479 1418 2516 Life
1436 2481 1479 2516 of
1494 2481 1644 2527 Decius,

148 2546 286 2583 Decius
304 2550 412 2591 pater
430 2556 517 2581 cum
535 2545 612 2581 filio
631 2544 844 2587 occubuere,
869 2541 1035 2578 &c.—C.

202 2609 218 2630 ⁶
236 2611 304 2646 Ad
313 2610 465 2657 pedites
484 2607 692 2658 concor-tit]
713 2609 739 2645 i.
761 2621 791 2644 e.
811 2613 851 2644 to
882 2609 948 2644 the
974 2608 1052 2645 foot
1070 2607 1194 2643 which
1213 2607 1348 2644 Volux
1375 2610 1451 2645 had
1478 2611 1645 2659 brought

145 2688 210 2723 up,
231 2675 308 2712 and
325 2675 422 2719 who,
437 2673 534 2710 with
547 2673 720 2709 Bocchus
739 2682 780 2708 as
794 2671 891 2708 their
908 2670 1044 2717 leader,
1059 2682 1156 2708 were
1175 2671 1375 2719 attacking
1392 2672 1457 2709 the
1477 2673 1645 2710 Romans

146 2741 187 2777 in
204 2739 303 2777 their
319 2737 524 2776 reah—M·

1301 2800 1440 2844 202
