1889 3191
611 258 889 297 SALLUSTH
919 256 1186 294 CATILIXA.
1601 258 1620 291 2
1629 259 1648 292 7

152 379 322 426 dentur
365 376 570 423 ludibrio
616 375 761 422 fuisse
810 375 988 421 divitiae
1006 395 1018 429 ;
1057 374 1247 437 quippe,
1296 389 1412 435 quas
1450 373 1649 419 honeste

150 460 342 509 habere2
381 461 566 517 licebat,
616 461 747 508 abuti
792 476 876 524 per
921 458 1268 522 turpitudinem
1314 458 1646 520 properabant.

151 547 244 595 Sed
282 547 445 594 lubido
486 548 653 610 stupri,
692 563 855 610 ganeae
891 546 1140 609 caeterique
1177 544 1331 591 cultfis
1366 560 1462 591 non
1496 544 1650 590 minor

148 633 432 680 incesserat:
470 633 596 680 viros
619 633 720 696 pati
742 631 1009 687 muliebra,3
1034 631 1255 678 mulieres
1290 630 1567 694 pudicitiam
1603 631 1653 676 in

147 719 396 783 propatulo
420 719 625 774 habere3
653 718 871 766 vescendi
905 717 1069 765 caussa
1102 718 1225 765 terra
1247 717 1458 780 marique
1495 717 1652 763 omnia

147 805 418 867 exquirere;
459 805 663 852 dormire
687 805 963 868 priusquam
999 804 1155 851 somni
1177 803 1350 867 cupido
1377 811 1530 858 esset3
1558 818 1653 848 non

149 891 337 946 famem,
386 899 468 938 aut
515 891 675 947 sitim3
713 907 863 954 neque
910 891 1075 953 friguS,
1126 906 1277 953 neque
1322 888 1651 936 lassitudinem

150 979 335 1040 operiri,
366 978 448 1024 sed
472 995 525 1025 ea
550 978 706 1024 omnia
728 978 843 1024 luxu
862 986 1153 1040 antecapere.
1194 977 1315 1023 Haec
1332 976 1647 1039 juventutem,

148 1065 231 1111 ubi
252 1064 504 1111 familiares
529 1081 641 1126 opes
677 1063 957 1118 defecerant,
985 1062 1044 1109 ad
1079 1062 1286 1109 facinora
1319 1061 1649 1108 incendebant.

149 1148 353 1194 Animus
375 1147 587 1193 imbutus
624 1147 760 1194 malis
796 1147 993 1202 artibus,
1024 1146 1154 1193 haud
1188 1145 1326 1193 facile
1362 1144 1651 1192 lubidinibus

149 1230 367 1277 carebat:
412 1247 466 1277 eo
511 1229 753 1292 profusius
794 1230 1014 1276 omnibus
1062 1229 1215 1276 modis
1262 1228 1466 1292 quaestui
1513 1236 1653 1290 atque

149 1318 328 1365 sumtui
353 1317 540 1364 deditus
565 1324 679 1364 erat.

215 1404 352 1451 XIV.
392 1405 450 1450 In
474 1404 606 1450 tanta
641 1410 832 1467 tamque
867 1402 1086 1465 corrupta
1122 1402 1310 1449 civitate
1336 1401 1554 1456 Catilina,
1587 1399 1650 1454 id,

147 1491 275 1555 quod
308 1491 437 1538 factu
470 1491 763 1538 facillumum
800 1496 914 1545 erat,
943 1489 1156 1536 omnium
1190 1488 1478 1551 flagitiorum
1515 1494 1653 1549 atque

149 1683 263 1735 essa]
295 1686 375 1722 Τὴε
393 1690 492 1723 most
510 1685 662 1723 learned
682 1685 907 1733 Gronovius,
928 1687 968 1722 in
987 1686 1046 1722 his
1067 1686 1238 1722 Diatribe
1253 1696 1301 1720 on
1323 1684 1478 1728 Statius,
1501 1684 1656 1730 chapter

151 1752 213 1796 39,
234 1763 269 1797 p.
294 1752 382 1797 254,
400 1750 559 1799 quoting
572 1751 650 1788 this
664 1755 847 1796 sentence,
865 1751 984 1796 reads,
1002 1754 1203 1785 contracta
1219 1759 1307 1794 esse,
1326 1752 1392 1784 not
1407 1752 1627 1784 constructa
1639 1758 1653 1786 ;

148 1816 196 1850 he
215 1814 390 1861 explains
410 1820 621 1861 contracta,
653 1820 822 1852 extrusa.
881 1814 964 1852 One
982 1814 1066 1851 MS.
1088 1814 1131 1850 of
1145 1813 1305 1850 Vossius
1332 1813 1402 1849 has
1432 1810 1653 1855 constricta,

148 1881 306 1917 another
324 1886 555 1927 constructa,
576 1881 710 1927 which,
733 1892 822 1929 says
843 1880 1066 1926 Gronovius,
1101 1879 1134 1915 if
1157 1880 1188 1916 it
1217 1878 1297 1915 wfll
1325 1878 1450 1925 please
1469 1888 1547 1924 any
1575 1887 1653 1921 one,

148 1953 368 1984 constructa
396 1948 524 1984 maria
545 1949 639 1985 bene
671 1948 842 1985 dicentur
869 1948 911 1984 in
943 1947 1105 1995 piscinas
1135 1947 1297 1991 redacta,
1331 1957 1415 1993 qnae
1449 1949 1657 1981 nascuntur

148 2013 274 2058 arvis;
303 2017 349 2050 ut
384 2018 570 2049 structum
602 2018 780 2062 staynum
810 2013 950 2058 Tacito,
982 2013 1293 2048 circumstructus
1323 2011 1430 2046 lacus
1465 2009 1656 2047 Suetonio.

147 2081 216 2118 See
236 2081 444 2123 Petronius,
466 2080 507 2116 in
540 2080 709 2127 satirico,
749 2094 781 2118 c.
806 2082 894 2126 120,
917 2081 992 2117 and
1023 2080 1089 2117 the
1115 2079 1315 2126 Interpret.
1346 2090 1395 2114 on
1416 2077 1509 2114 Hor.
1530 2076 1595 2114 lib.
1619 2076 1654 2124 3,

148 2145 220 2183 od.
244 2148 278 2192 1,
298 2146 339 2182 in
357 2146 443 2183 fine.
502 2146 675 2183 Kritzius
693 2146 763 2183 has
793 2158 815 2182 a
845 2151 932 2183 note
952 2157 1000 2182 on
1033 2146 1099 2182 the
1131 2155 1302 2192 passage,
1323 2144 1392 2180 but
1425 2144 1473 2178 he
1491 2143 1563 2178 has
1590 2144 1658 2177 not

147 2212 286 2259 quoted
306 2210 574 2249 Gronov.-C.

200 2275 215 2297 ²³
234 2275 406 2314 Honeste*
427 2276 601 2327 habere]
622 2277 780 2313 Habere
799 2289 875 2314 non
894 2278 1081 2325 possidere
1100 2277 1161 2313 hic
1180 2280 1299 2321 notat,
1321 2283 1365 2311 ut
1383 2274 1519 2311 volunt
1539 2274 1656 2310 inter-

146 2348 280 2391 pretes.
318 2342 438 2379 Nulla
456 2342 558 2379 enim
575 2343 616 2378 in
634 2343 864 2389 possessione
876 2348 914 2379 et
928 2343 1209 2379 coacervatione
1227 2341 1449 2377 divitiarum
1467 2340 1654 2378 honestas,

147 2410 212 2445 sed
228 2409 270 2444 in
286 2420 369 2445 usu.
428 2408 553 2452 Quare
572 2405 726 2443 honeste
747 2408 886 2444 habere
905 2408 1072 2456 intellige
1092 2412 1275 2452 tractare,
1297 2407 1365 2451 uti,
1387 2407 1457 2442 hoc
1477 2412 1542 2449 est,
1566 2404 1657 2439 bene

147 2474 375 2522 impendere.
433 2473 552 2509 Tacit.
570 2473 639 2509 IV.
661 2473 763 2509 Anu.
785 2485 866 2520 cap.
889 2473 987 2510 xliv.
1019 2472 1187 2508 Lentulo
1199 2472 1342 2520 fuerat
1370 2471 1462 2505 bene
1490 2469 1656 2504 tolerata

141 2545 372 2589 paupertas,
392 2539 481 2574 dein
512 2551 657 2586 maynae
689 2552 778 2586 opes
808 2541 1028 2576 innocenter
1048 2544 1213 2585 paratae,
1243 2543 1280 2572 et
1303 2534 1472 2573 modeste
1501 2535 1653 2572 habitae.

149 2606 260 2641 -Μ,

161 2709 164 2711 Α
200 2670 215 2691 ³
246 2669 355 2707 Viros
368 2670 460 2717 pati
479 2666 701 2718 muliebr-cz]
733 2668 853 2705 These
880 2669 985 2706 three
1003 2669 1126 2706 words
1154 2680 1216 2704 are
1245 2668 1448 2715 expressed
1466 2667 1504 2702 in
1526 2665 1651 2704 Greek

144 2741 198 2788 by
217 2750 296 2783 one,
317 2739 405 2784 viz„
428 2733 712 2784 eymoeastcdoea,
750 2735 951 2772 “Animus
977 2735 1192 2772 meminisse
1219 2736 1356 2781 horret,
1386 2734 1567 2781 luctuque
1595 2744 1654 2769 re-

143 2804 278 2852 fugit?⁷
298 2808 338 2840 at
358 2803 423 2840 the
442 2803 643 2851 depravity
662 2803 704 2839 of
718 2800 920 2839 mam—C.
