1889 3191
473 276 753 316 SALLUSTII
780 277 807 314 J
809 276 1197 315 UGURTHINL'M.
1507 279 1555 314 ‘25
1564 280 1580 313 1

88 413 253 461 resque
279 411 387 442 suas
411 394 623 441 adflictas
657 393 832 449 vident,
871 402 1038 440 aurum
1073 398 1212 455 atque
1247 398 1509 455 argentum,
1538 401 1584 440 et

85 483 188 538 alia,
217 498 322 545 quae
344 479 497 543 prima
531 480 781 535 ducuntur,
809 478 1003 525 domum
1038 477 1216 540 regiam
1251 483 1579 540 comportant:

86 569 152 614 ibi
175 568 282 613 vino
319 573 366 613 et
390 565 539 628 epulis
581 565 775 621 onerati,
813 564 998 627 illaque,
1035 570 1082 610 et
1117 563 1326 619 domum,
1354 570 1401 609 et
1437 569 1583 610 semet

86 653 184 716 igni
207 657 547 714 corrumpunt3
592 657 638 697 et
674 667 789 714 quas
823 650 933 696 victi
967 649 1025 696 ab
1049 649 1267 696 hostibus
1302 665 1467 712 poenas
1490 665 1586 695 me-

87 746 286 792 tuerant,
315 754 392 784 eas
415 737 508 800 ipsi
533 736 740 783 volentes
774 735 1054 799 pependere.

154 823 412 870 LXXVII.
451 822 540 869 Sed
564 822 739 885 pariter
762 838 869 869 cum
905 828 1043 885 capta
1066 821 1230 877 Thala,
1258 821 1401 884 legati
1426 838 1482 868 ex
1505 838 1588 884 op-

86 910 198 972 pido
223 910 363 972 Lepti
387 909 447 956 ad
471 908 720 956 Metellum
743 915 979 964 venerant,
1022 914 1223 963 orantes,
1269 913 1299 933 “
1315 907 1382 954 uti
1423 908 1586 971 praesi-

88 997 219 1042 dium
243 996 614 1058 praefectumque
637 994 690 1040 eo
712 994 921 1041 mitteret
942 1015 953 1050 ;
983 994 1300 1040 Hamilcarem
1318 993 1585 1057 quemdam,

86 1081 328 1126 hominem
363 1079 583 1133 nobilem,
622 1079 885 1134 factiosum,
914 1079 1047 1125 novis
1083 1079 1223 1125 rebus
1248 1079 1468 1125 studere:
1508 1079 1587 1124 ad-

87 1182 277 1213 vorsum
302 1182 441 1228 quem
475 1180 625 1227 neque
659 1165 857 1227 imperia
889 1165 1251 1226 magistratuum
1288 1181 1438 1228 neque
1462 1165 1589 1227 leges

86 1251 292 1298 valerent
313 1269 322 1296 :
350 1251 399 1295 ni
421 1248 471 1295 id
493 1248 750 1304 festinaret,
780 1249 830 1295 in
856 1265 1041 1295 summo
1065 1249 1274 1312 periculo
1301 1267 1435 1297 suam
1463 1251 1585 1296 salu-

90 1346 201 1392 tem,
229 1336 416 1383 illorum
455 1334 623 1382 socios¹
666 1336 816 1382 fore.’'
892 1337 1019 1382 Nam
1044 1337 1288 1400 Leptitani
1307 1337 1406 1400 jam
1428 1337 1538 1384 inde
1563 1355 1589 1384 a

89 1423 319 1486 principio
342 1422 453 1469 belli
477 1421 757 1484 ,Iugurthini
781 1421 841 1468 ad
864 1423 1074 1469 Bestiam
1101 1423 1370 1479 Consulem,
1401 1433 1445 1471 et
1481 1441 1589 1486 pos-

88 1516 166 1559 tea
189 1512 388 1558 Romam
415 1510 656 1564 miserant,
685 1509 941 1555 amicitiam
967 1512 1331 1573 societatemque
1357 1519 1590 1574 rogatum.

92 1597 291 1652 Deinde,
326 1596 408 1642 ubi
444 1612 497 1642 ea
518 1596 783 1658 impetrata,
821 1612 1004 1658 semper
1033 1596 1145 1642 boni
1168 1597 1422 1660 fidelesque
1457 1615 1590 1644 man-

93 1699 205 1737 sere,
229 1690 276 1728 et
294 1688 462 1728 cuncta
477 1698 503 1726 a
520 1681 695 1735 Bestia,
716 1681 905 1736 Albino,
930 1682 1218 1745 Metelloque
1236 1683 1466 1745 imperata
1484 1685 1592 1731 navi

92 1763 338 1813 fecerant.2
408 1765 576 1826 Itaque
611 1765 668 1810 ab
700 1764 984 1826 imperatore
1019 1765 1170 1820 facile,
1208 1782 1314 1829 quae
1348 1768 1587 1829 petebant,

92 1849 264 1912 adepti.
332 1848 534 1894 Emissae
574 1847 626 1893 eo
667 1847 884 1894 cohortes
924 1847 1156 1910 Ligurum
1194 1856 1407 1912 quatuor,
1450 1858 1495 1897 et
1533 1850 1588 1897 C.

94 1935 279 1981 Annius
304 1934 574 1997 praefectus.

160 2021 445 2068 LXXVIII.
488 2020 544 2066 Id
578 2019 807 2083 oppidum
843 2021 900 2067 ab
927 2021 1148 2068 Sidoniisl
1185 2023 1443 2078 conditum,
1477 2040 1592 2086 quos

92 2109 357 2172 accepimus
380 2106 605 2170 profugos
640 2107 699 2152 ob
727 2106 984 2153 discordias
1020 2108 1181 2162 civilis,
1207 2109 1405 2154 navibus
1440 2109 1489 2154 in
1514 2125 1594 2155 eos

93 2197 218 2242 locos
244 2194 425 2240 venisse
443 2213 454 2247 ;
493 2194 717 2238 caeterfim
742 2191 887 2237 situm
922 2192 1045 2238 inter
1081 2194 1198 2239 duas
1225 2193 1392 2256 Syrtis,
1423 2193 1593 2256 quibus

148 2367 355 2404 LXXVII.
378 2363 390 2386 ¹
415 2365 531 2402 Suam
550 2365 723 2411 salutem,
745 2366 899 2402 illorum
919 2363 1075 2414 socios]
1100 2364 1259 2400 [Horum
1278 2365 1377 2402 male
1396 2367 1444 2402 ad
1466 2367 1597 2413 Lepti-

92 2438 202 2468 tanos
222 2431 368 2475 referas,
390 2434 489 2465 recte
509 2430 557 2465 ad
578 2429 780 2475 Romanos,
802 2441 963 2476 quorum
982 2428 1038 2463 illi
1058 2429 1147 2465 socii
1165 2429 1395 2465 erant—M.

147 2493 161 2514 ²
185 2493 292 2530 Navi
301 2490 517 2542 fecerant]
550 2492 642 2528 This
662 2493 844 2540 adjective
872 2493 903 2528 is
924 2493 1074 2527 written
1102 2504 1226 2528 navus
1245 2504 1286 2528 or
1313 2504 1464 2540 gnavus
1483 2493 1597 2529 indif-

94 2560 383 2609 ferently.-M.

151 2624 382 2662 LXXVIII.
414 2621 426 2643 ¹
447 2621 508 2657 Ab
532 2620 736 2671 Sidoniis]
760 2622 839 2658 The
860 2621 1060 2659 Sidonians
1081 2633 1175 2658 were
1191 2633 1213 2657 a
1231 2623 1362 2669 people
1380 2622 1420 2657 in
1438 2623 1541 2669 Asia,
1558 2630 1598 2661 to

95 2692 160 2727 the
177 2691 291 2727 north
311 2690 353 2726 of
366 2689 391 2726 J
394 2690 498 2734 udea⁷
521 2699 570 2724 on
588 2688 653 2724 the
672 2690 868 2733 sea-coast,
891 2687 967 2723 and
995 2690 1090 2723 next
1109 2686 1338 2735 neighbours
1365 2691 1404 2724 to
1423 2689 1489 2724 the
1517 2689 1597 2737 Ty-

96 2755 321 2793 flans—M.
