1889 3191
250 238 325 272 302
623 234 899 274 SALLUSTII
927 234 1341 274 JUGURTHINUM.

248 353 434 398 bantur.
504 352 575 398 Ea
609 352 752 399 Sullae
787 358 833 400 et
876 353 1128 416 plerisque²
1162 353 1403 415 placuere3
1441 351 1578 413 pauci
1612 349 1733 398 fero-

247 437 345 483 cius
370 436 641 493 decernunt,
681 438 855 484 scilicet
888 438 1038 500 ignari
1071 438 1383 484 humanarum
1417 453 1588 492 rerum,
1624 452 1732 498 quae

248 579 484 613 descenderis
502 578 534 614 is
553 578 618 613 the
635 577 739 623 right
756 577 932 623 reading3
962 576 1046 621 and,
1068 575 1260 621 therefore,
1283 576 1302 612 Ι
1320 576 1417 611 have
1434 581 1502 613 not
1519 576 1684 624 thought
1701 576 1733 612 it

249 651 445 687 necessary
475 644 515 675 to
545 639 652 675 write
685 650 709 675 a
743 643 831 675 note
859 650 908 675 on
939 640 981 675 it.
1039 638 1119 674 The
1145 638 1302 674 relative
1333 638 1408 674 and
1439 632 1658 675 antecedent
1684 639 1735 675 do

247 708 314 739 not
332 703 475 750 always
494 713 604 749 agree
634 702 674 738 in
705 702 854 748 gender,
876 712 918 738 as
945 701 986 737 in
1013 702 1078 738 the
1107 705 1276 737 sentence
1303 700 1400 736 from
1434 699 1576 737 Sallust
1604 702 1734 746 above,

248 769 390 804 Earum
418 779 553 813 rerum,
585 778 669 814 quae
699 767 832 813 prima.
890 766 1054 804 Gronov.
1089 767 1299 811 Observat.,
1329 766 1394 802 lib.
1416 767 1451 810 3,
1473 778 1505 803 c.
1526 767 1562 811 2,
1582 778 1619 813 p.
1640 768 1732 809 439,

247 831 365 879 citing
383 832 448 867 the
465 830 576 867 letter
594 831 635 867 of
649 830 760 868 Catil.
781 835 820 867 to
840 830 1010 876 Catulus,
1030 842 1061 866 c.
1080 831 1128 867 35
1149 830 1329 875 of·Catil.,
1361 829 1651 873 “Quamobrem
1669 831 1736 866 de-

247 895 449 932 fensionem
468 895 507 931 in
525 906 625 931 novo
651 895 804 932 consilio
822 906 898 931 non
927 895 1041 931 statui
1061 906 1213 941 parare:
1244 894 1536 931 satisfactionem
1562 905 1613 930 ex
1631 893 1737 930 1111113

248 960 472 996 conscientia
490 961 535 996 de
553 959 664 1006 eulpa
682 971 886 1006 proponere
904 961 1064 1005 decrevi,
1083 971 1200 1007 quam
1219 960 1363 996 medius
1374 959 1485 995 fidius
1503 970 1633 996 veram
1651 959 1739 996 licet

250 1024 486 1072 cognoscas,''
507 1035 605 1072 says,
629 1024 690 1061 Sic
709 1024 798 1061 editi
817 1028 854 1061 et
873 1024 1010 1072 scripti,
1031 1025 1096 1072 qui
1115 1036 1214 1060 nunc
1233 1024 1383 1071 quidem
1403 1024 1647 1070 reperIuntur.
1684 1023 1739 1060 At

249 1088 400 1124 Servius
418 1088 466 1123 ad
484 1087 569 1124 libri
588 1088 623 1133 4,
644 1088 731 1123 AEn.
752 1099 789 1124 v.
813 1089 902 1133 204,
923 1088 1085 1125 ostendit
1112 1087 1202 1123 olim
1229 1087 1367 1123 lectum
1392 1087 1530 1123 fuisse:
1559 1099 1640 1135 quae
1658 1098 1739 1123 me-

248 1152 332 1186 dius
350 1151 458 1187 fidius
478 1163 568 1186 vera
586 1150 673 1187 licet
699 1162 847 1187 mecum
875 1163 1070 1198 recoynas.
1128 1151 1237 1194 Quod
1256 1151 1348 1186 mihi
1367 1149 1488 1187 multo
1513 1150 1636 1197 magis
1655 1149 1740 1187 Sal-

249 1215 456 1251 lustianum
476 1226 606 1251 sonare
632 1215 805 1252 videtur:
835 1215 875 1251 in
901 1215 1032 1262 primis
1050 1214 1168 1250 illud:
1197 1214 1511 1263 satisfactionem,
1533 1226 1614 1261 quoe
1636 1226 1740 1249 vera.

252 1279 312 1316 Sic
332 1280 430 1316 enim
450 1284 487 1316 et
505 1280 544 1315 in
562 1279 660 1316 bello
677 1279 768 1327 Jug.
790 1291 821 1317 c.
847 1281 909 1326 41,
931 1280 1007 1316 otio
1026 1283 1063 1316 et
1082 1280 1314 1316 abundantia
1333 1291 1462 1315 earum
1482 1291 1618 1324 rerum,
1646 1291 1739 1326 quoe,

254 1346 317 1382 &c.
380 1345 529 1393 (Valpy
562 1346 669 1382 reads
700 1345 740 1380 in
767 1345 827 1381 his
854 1346 1003 1391 edition,
1025 1357 1066 1382 as
1101 1345 1253 1383 Servius
1279 1346 1348 1381 has
1375 1346 1499 1392 given,
1529 1346 1603 1381 and
1632 1344 1651 1380 I
1678 1356 1741 1381 am

250 1423 356 1458 sorry
374 1412 459 1447 that
479 1411 497 1446 Ι
516 1412 613 1447 have
632 1410 789 1447 omitted
807 1414 847 1447 to
865 1411 1057 1448 introduce
1074 1412 1139 1447 the
1158 1422 1260 1447 same
1285 1411 1366 1446 into
1385 1422 1451 1458 my
1469 1409 1590 1459 text.)
1648 1411 1743 1455 Quae

251 1477 425 1512 videntur
446 1474 660 1524 (continues
680 1473 869 1524 Gronov.)
892 1475 1043 1522 quidem
1070 1480 1249 1521 concepta
1280 1475 1488 1521 enormiter,
1522 1476 1586 1512 sed
1614 1479 1742 1512 tamen

250 1540 430 1575 rationem
449 1539 588 1575 habent
607 1543 645 1574 et
663 1538 839 1585 exempla
865 1542 1113 1575 vetustorum.
1173 1539 1360 1574 Dicuntur
1385 1539 1485 1574 enim
1505 1550 1570 1585 per
1595 1538 1743 1585 ellipsin

251 1605 433 1651 vocabuli,
455 1605 516 1641 cui
534 1609 758 1652 congruunt,
780 1616 864 1652 quae
891 1605 1042 1641 turbare
1068 1604 1274 1641 orationem
1302 1605 1489 1640 videntur.
1547 1603 1608 1641 Sic
1627 1604 1742 1640 corri-

251 1671 333 1717 puit
352 1674 481 1706 auctor
498 1670 539 1705 in
557 1669 687 1716 priore,
723 1669 823 1716 quod
855 1668 1008 1715 plenum
1041 1673 1121 1705 erat
1137 1683 1144 1704 :
1176 1668 1478 1717 satisfactionem
1511 1667 1634 1703 verbis
1660 1680 1746 1716 quoe

253 1747 351 1769 nera.
410 1733 472 1769 Ad
490 1733 675 1780 posterius
694 1733 894 1777 sciendum,
914 1733 978 1780 jus
997 1743 1074 1769 esse
1095 1732 1250 1775 Latinis,
1267 1733 1410 1780 quoties
1428 1732 1628 1770 relativum
1648 1733 1743 1768 duo-

253 1800 322 1834 bus
341 1798 589 1835 substantivis
617 1796 853 1845 interjicitur,
873 1796 935 1832 vel
969 1797 1221 1833 antecedentis
1252 1797 1315 1832 vel
1347 1797 1534 1844 sequentis
1562 1797 1599 1832 id
1618 1797 1745 1843 generi

254 1873 409 1909 aequare,
432 1862 496 1898 secl
524 1861 732 1908 elegantius
758 1861 955 1906 respondet
983 1861 1173 1907 sequenti;
1204 1861 1242 1896 id
1262 1861 1361 1908 quod
1380 1861 1441 1897 hic
1469 1860 1546 1896 fieri
1566 1860 1746 1908 intelligi-

253 1938 346 1970 mus,
368 1926 484 1962 altero
503 1937 637 1972 nempe
655 1925 891 1962 substantivo
910 1925 1156 1961 dissimulato.
1215 1925 1325 1971 Puta,
1356 1938 1487 1961 earum
1507 1937 1642 1971 rerum,
1664 1937 1748 1973 quae

249 1994 380 2039 prima
400 1992 562 2039 neyotia,
584 1990 656 2037 vel,
686 2002 780 2038 quas
807 1990 930 2037 prima
957 1991 1119 2038 negotia.
1177 1991 1266 2028 Tale
1295 1996 1351 2028 est
1378 1992 1478 2038 apud
1499 1991 1678 2028 Plautum
1706 1992 1745 2026 in

254 2056 520 2104 Amphitryon,
541 2054 616 2091 Act
638 2057 671 2101 1,
694 2066 743 2092 sc.
766 2055 801 2100 3,
822 2054 905 2102 Ego
924 2066 1002 2090 rem
1031 2054 1201 2090 divinam
1231 2056 1332 2092 intus
1364 2056 1511 2100 faciam,
1547 2060 1636 2091 vota
1664 2067 1747 2103 quoe

254 2129 353 2160 sunt.
409 2123 555 2169 Nempe
574 2123 619 2159 de
636 2122 719 2159 istis
739 2121 964 2158 animalibus
983 2121 1045 2157 vel
1064 2121 1194 2165 donis3
1225 2122 1296 2168 vel,
1318 2134 1402 2170 quae
1420 2126 1476 2158 est
1494 2126 1626 2158 votum
1645 2133 1668 2158 a
1689 2133 1747 2159 me

253 2189 394 2224 factum
422 2192 459 2224 et
485 2198 586 2222 nunc
613 2185 846 2223 solvendum.
902 2184 1101 2221 Aulularia
1119 2184 1193 2221 Act
1213 2187 1247 2230 4,
1269 2198 1318 2223 sc.
1344 2188 1402 2232 10,
1425 2186 1507 2233 Ego
1537 2190 1582 2232 te,
1603 2186 1745 2231 Euclio,

255 2253 298 2287 de
319 2251 393 2287 alia
411 2263 462 2296 re,
483 2249 675 2286 rescivisse
693 2249 829 2294 censui,
851 2249 954 2296 quod
971 2248 1019 2284 ad
1038 2259 1097 2284 me
1117 2248 1263 2285 attinet.
1323 2249 1407 2285 Hoc
1426 2253 1492 2293 est,
1513 2249 1613 2296 quod
1631 2261 1748 2297 nego-

256 2315 351 2350 tium
372 2314 418 2350 ad
436 2325 496 2349 me
516 2313 662 2358 attinet,
682 2312 742 2348 vel
763 2323 847 2359 quae
866 2316 922 2347 est
949 2312 1143 2359 negotium
1162 2312 1210 2348 ad
1229 2324 1288 2348 me
1307 2313 1482 2349 attinens.
1539 2311 1641 2348 Male
1659 2323 1748 2348 con-

254 2380 435 2415 tinentem
454 2378 660 2414 orationem
682 2377 859 2413 scindunt
881 2374 1011 2425 «τελεῖᾳ
1033 2379 1188 2427 στιγμῇ,
1210 2382 1247 2413 et
1279 2377 1467 2424 sequentis
1500 2388 1630 2413 sensus
1660 2387 1748 2423 par-

256 2451 333 2480 tem
354 2444 506 2489 faciunt,
528 2443 631 2491 quod
648 2442 703 2478 ad
720 2455 776 2478 me
795 2444 945 2480 attinet.
1004 2443 1154 2491 Captiv.
1169 2443 1244 2480 Act
1266 2445 1324 2488 ll,
1348 2454 1396 2479 sc.
1419 2443 1453 2488 3,
1469 2442 1564 2478 Vult
1583 2446 1620 2478 te
1637 2441 1750 2479 herus

257 2520 378 2545 novus
396 2519 547 2555 operam
566 2508 654 2543 dare
674 2507 754 2543 Tuo
772 2508 891 2544 veteri
910 2508 1071 2554 domino,
1093 2509 1196 2555 quod
1213 2507 1246 2543 is
1267 2508 1367 2553 velit,
1387 2507 1556 2543 fideliter.
1615 2507 1661 2543 Id
1679 2511 1746 2552 est,

259 2574 297 2608 in
316 2583 358 2608 8ο
377 2571 537 2619 negotio,
560 2571 660 2618 quod
678 2570 710 2607 is
728 2570 830 2608 velit.
889 2571 1032 2608 Eadem
1050 2572 1188 2616 fabula,
1210 2571 1285 2607 Aet
1305 2572 1339 2616 5,
1361 2583 1410 2608 sc.
1430 2571 1462 2616 1,
1481 2571 1681 2617 Quumque
1699 2581 1751 2606 ex

261 2635 418 2672 miseriis
447 2634 617 2681 plurimis
645 2645 706 2670 me
738 2639 970 2681 exemerunt,
994 2635 1087 2680 Quae
1115 2636 1238 2672 adhuc
1264 2640 1302 2672 te
1320 2646 1459 2680 carens,
1480 2636 1570 2671 dum
1597 2635 1658 2671 hic
1684 2635 1749 2680 fui,

261 2699 530 2737 sustentabam.
589 2698 674 2734 Hoc
692 2703 758 2744 est,
779 2699 937 2737 miseriis
956 2712 1082 2737 eorum
1111 2699 1356 2748 neyotiorum,
1378 2711 1458 2747 quae
1477 2700 1748 2737 sustentabam.

266 2762 285 2800 I
304 2767 443 2801 cannot
460 2761 665 2799 transcribe
683 2762 734 2799 all
752 2762 817 2800 the
835 2763 1030 2811 examples
1044 2764 1158 2812 given
1177 2765 1228 2812 by
1243 2764 1318 2801 this
1332 2768 1439 2811 great
1454 2774 1553 2800 man.
1584 2761 1604 2798 I
1617 2761 1752 2800 should
