1889 3191
254 233 302 268 20
701 231 975 272 SALLUSTII
1002 231 1217 272 CATILIN
1218 231 1265 269 A.

252 347 374 396 cives
397 364 503 395 cum
526 348 702 397 civibus
726 349 783 398 de
805 350 976 397 virtute
999 351 1250 406 certabant,
1275 349 1326 396 in
1349 348 1589 412 suppliciis
1612 348 1716 396 deo-

252 449 358 481 rum
400 434 648 498 magnifici,
696 435 824 482 domi
866 435 1007 498 parci,
1054 435 1105 482 in
1148 435 1308 482 amicis
1347 434 1522 482 fidelesl
1568 441 1714 482 erant.

253 518 448 566 Duabus
470 519 545 566 his
567 521 756 577 artibus,
784 520 973 568 audacia⁴
1009 521 1059 567 in
1081 520 1214 577 bello,
1241 521 1322 567 ubi
1358 537 1451 584 pax
1489 528 1714 576 evenerat,

253 607 486 670 aequitate,
536 623 674 671 seque
706 624 895 671 remque
931 607 1166 670 publicam
1200 608 1438 655 curabant.
1510 607 1719 662 Quarum

254 708 408 740 rerum
431 709 515 755 ego
537 709 755 740 maxuma
777 693 1053 739 documenta
1085 692 1188 739 haec
1209 691 1374 749 habeo,
1401 692 1524 756 quod
1547 691 1719 756 saepius

254 777 536 824 vindicatum
560 785 629 825 est
664 779 715 824 in
748 795 839 834 eos,
866 778 946 841 qui
975 784 1138 824 contra
1170 777 1417 839 imperium
1451 778 1501 824 in
1534 779 1720 825 hostem

254 869 584 925 pugnaverant,
614 863 782 926 quique
814 863 991 910 tardius
1024 863 1238 918 revocati,
1264 863 1385 911 bello
1416 872 1718 920 excesserant,

255 948 391 1010 quam
415 947 496 1008 qui
532 947 664 1010 signa
700 936 971 1010 relinquere,
1015 953 1095 994 aut
1132 945 1256 1009 pulsi
1293 945 1409 1002 loco,
1435 945 1595 993 cedere
1621 945 1723 992 ausi

256 1040 401 1081 erant.
473 1034 531 1080 In
553 1050 664 1097 pace
687 1035 806 1090 vero,
834 1033 957 1097 quod
978 1033 1226 1088 beneficiis,
1256 1031 1411 1095 quam²
1431 1037 1558 1079 metu
1578 1031 1723 1094 impe-

256 1121 377 1168 rium
401 1120 651 1184 agitabant,
680 1127 739 1177 et,
767 1124 953 1184 accepta
975 1120 1154 1184 injuria,
1181 1120 1432 1183 ignoscere,
1460 1119 1596 1182 quam
1622 1135 1722 1182 per-

259 1208 389 1272 sequi
411 1209 661 1255 malebant.

313 1339 384 1377 IX.
416 1337 428 1360 ¹
461 1340 508 1376 In
536 1337 849 1388 amicisfideles.]
880 1339 961 1385 i.e.,
994 1351 1082 1386 crya
1116 1337 1265 1373 amicos.
1323 1337 1402 1373 The
1434 1336 1656 1384 preposition
1683 1335 1724 1371 in

258 1406 352 1442 with
370 1407 433 1442 the
452 1405 613 1442 ablative
630 1405 671 1440 in
697 1405 772 1441 this
791 1415 893 1441 sense
912 1405 943 1440 is
968 1404 1150 1451 frequent,
1170 1407 1237 1439 not
1263 1402 1352 1450 only
1369 1403 1408 1438 in
1429 1401 1579 1448 Sallust,
1599 1403 1670 1439 but
1686 1401 1725 1437 in

258 1472 364 1508 other
382 1472 544 1508 authors.
584 1470 674 1517 Cap.
695 1470 763 1516 xi„
784 1470 899 1507 Foeda
926 1470 1157 1517 crudeliaque
1174 1469 1214 1504 in
1241 1468 1383 1505 civibus
1410 1468 1572 1505 facinora
1597 1468 1724 1504 facere.

260 1538 352 1585 Cap.
375 1538 424 1584 li„
447 1537 546 1582 Quid
563 1538 602 1574 iu
620 1537 694 1573 illis
709 1538 793 1584 jure
821 1537 898 1573 fieri
925 1541 1058 1583 posset.
1115 1536 1205 1583 Cap.
1224 1535 1290 1581 lii„
1312 1535 1411 1579 Quid
1428 1536 1468 1571 in
1488 1534 1563 1571 inis
1582 1539 1725 1571 statua-

260 1615 356 1640 mus.
427 1602 510 1640 Sint
546 1602 796 1639 misericordes
827 1601 865 1637 in
893 1601 1035 1638 furibus
1071 1600 1201 1637 aerarii.
1256 1600 1345 1648 Jug.
1375 1611 1453 1646 cap.
1481 1598 1584 1645 lviii„
1615 1598 1728 1634 Pauci

259 1670 298 1705 in
316 1668 483 1716 pluribus
509 1668 633 1704 minus
658 1667 837 1704 frustrati.
896 1666 988 1704 Caes.
1013 1666 1057 1703 B.
1079 1665 1124 1704 G.
1145 1666 1181 1702 ii.
1209 1677 1287 1712 cap.
1311 1666 1370 1710 32,
1403 1664 1474 1702 Sed
1501 1664 1539 1700 id
1565 1664 1662 1712 quod
1689 1664 1728 1700 in

259 1733 407 1770 Nerviis
426 1732 568 1769 fecisset
584 1732 781 1768 facturum.
836 1731 973 1768 Justin.
1003 1730 1185 1775 xxxviii„
1208 1741 1288 1776 cap.
1318 1731 1351 1775 6,
1372 1730 1502 1777 Neque
1528 1729 1567 1764 in
1585 1740 1624 1765 se
1642 1739 1725 1774 uno,

260 1801 324 1837 sed
342 1801 381 1836 in
403 1799 483 1836 aliis
501 1799 681 1843 omnibus,
701 1799 771 1834 hac
790 1809 932 1844 semper
950 1803 1028 1834 arte
1046 1801 1246 1846 grassatus.
1317 1794 1425 1833 Ovid.
1445 1808 1483 1831 v.
1505 1794 1615 1831 Trist.
1635 1794 1725 1843 eleg.

260 1863 297 1899 ii.
319 1874 393 1899 ver.
416 1863 476 1907 36,
500 1861 603 1908 Saepe
622 1873 688 1898 suo
706 1861 825 1897 victor
842 1860 935 1896 lenis
952 1861 991 1895 in
1010 1861 1115 1896 hoste
1133 1858 1325 1895 fuit—M,

320 1927 367 1963 Iu
387 1927 519 1962 amicis
542 1923 691 1974 fideles,
726 1923 811 1975 &c.]
842 1925 930 1961 Add
961 1930 1000 1961 to
1029 1925 1092 1961 the
1123 1922 1315 1970 examples
1346 1923 1510 1959 adduced
1541 1923 1593 1970 by
1619 1921 1727 1966 Matr,

263 1992 368 2040 Virg.
390 1992 476 2028 AEn.
499 1992 533 2036 2,
558 1989 645 2037 541,
667 1990 712 2026 In
741 1991 846 2027 hoste
865 1990 1024 2035 Priamo,
1049 1990 1110 2025 &c.
1178 1988 1215 2025 It
1233 1987 1357 2024 would
1383 1989 1427 2024 be
1458 1999 1546 2036 easy
1572 1991 1612 2024 to
1643 1998 1729 2034 pro-

262 2059 354 2095 duce
385 2069 485 2095 some
503 2058 690 2094 hundreds
709 2057 749 2093 of
763 2056 954 2104 examples
972 2056 1067 2092 from
1087 2055 1196 2101 Ovid,
1214 2053 1340 2092 Cicero
1358 2052 1437 2104 (see
1455 2054 1590 2090 Pearce
1608 2064 1656 2090 on
1673 2053 1731 2090 his

264 2121 432 2172 Offices),
453 2124 525 2159 and
545 2122 680 2159 almost
699 2121 749 2158 au
769 2120 1031 2159 authors—C.

314 2187 330 2209 ²
358 2188 557 2236 Beneficiis
577 2184 685 2236 qudm
706 2184 838 2235 metm]
869 2186 947 2222 The
968 2185 1205 2231 suppressing
1223 2183 1265 2219 of
1278 2183 1398 2230 mayis
1417 2182 1448 2218 is
1467 2193 1515 2219 an
1534 2181 1641 2219 usual
1658 2183 1732 2218 and

263 2256 411 2305 elegant
430 2255 583 2302 ellipsis,
604 2258 670 2290 not
688 2253 777 2301 only
795 2253 834 2288 in
855 2252 1004 2296 Sallust,
1023 2252 1090 2287 but
1109 2251 1144 2286 in
1165 2250 1270 2286 other
1288 2248 1417 2285 classic
1435 2248 1598 2284 authors.
1639 2248 1729 2295 Cap.

263 2335 348 2368 xx„
368 2322 452 2358 Nisi
470 2332 536 2357 vos
555 2320 700 2365 servire,
722 2330 835 2366 quam
854 2319 1033 2364 imperare
1047 2316 1166 2363 parati
1190 2315 1288 2351 estis.
1346 2314 1436 2360 Cap.
1457 2313 1590 2357 xlviii„
1613 2313 1733 2350 Tanta

262 2387 320 2424 vis
347 2386 508 2423 hominis
525 2385 709 2429 leniunda,
732 2393 845 2430 quam
864 2381 1093 2429 exagitanda
1111 2379 1315 2415 videbatur.
1373 2378 1463 2424 Cap.
1483 2377 1550 2413 lii..
1574 2377 1646 2414 Res
1665 2389 1732 2414 au-

263 2458 340 2490 tem
358 2455 493 2496 monet,
514 2461 642 2487 cavere
675 2450 722 2485 ab
741 2447 823 2493 illis,
857 2458 970 2494 quam
1000 2445 1089 2493 quid
1115 2445 1154 2480 in
1173 2443 1244 2479 illis
1274 2447 1482 2479 statuamus
1513 2442 1729 2479 consultare.

265 2518 410 2554 Terent.
431 2516 547 2553 Andr.
568 2515 709 2562 prolog.
768 2512 842 2557 Qui
872 2511 1014 2559 placere
1046 2522 1084 2547 se
1102 2510 1248 2546 studeat
1279 2508 1393 2554 bonis,
1414 2519 1526 2555 quam
1553 2507 1732 2555 plurimis.

267 2582 373 2618 -Μ,

321 2645 521 2692 Beneficiis
540 2641 660 2691 qudm,
685 2640 769 2692 &c.]
799 2641 887 2677 Add
918 2645 956 2677 to
987 2639 1051 2676 the
1079 2637 1270 2684 examples
1297 2636 1393 2672 cited
1424 2636 1510 2672 here
1539 2635 1592 2682 by
1622 2634 1731 2678 Mair,

269 2711 374 2748 those
391 2711 443 2757 by
464 2709 628 2745 Perizon.
645 2719 693 2744 on
713 2701 849 2751 Sanct„
870 2705 1028 2741 Minerv.
1049 2715 1084 2751 p.
1108 2704 1196 2740 693.
1255 2700 1322 2738 See
1340 2704 1426 2737 note
1452 2710 1501 2736 on
1518 2699 1669 2746 chapter
1697 2700 1731 2744 8,

269 2772 497 2813 above—C.
