1889 3191
585 234 864 273 SALLUSTII
895 233 1168 272 CATILINA.
1579 236 1629 271 45

128 360 297 401 caetera
318 368 392 399 res
416 351 650 415 expediet.
720 350 912 398 Etenim
937 350 1043 415 quis
1068 350 1340 398 mortalium
1376 349 1472 397 cui-'⁵
1499 351 1629 399 virile

125 436 384 500 ingenium,
429 437 626 485 tolerare
663 444 836 500 potest,
880 436 974 484 illis
1015 436 1202 484 divitias
1241 452 1473 500 superare,
1513 453 1628 500 quas

124 525 412 589 profundant
445 526 492 572 in
519 525 778 573 extruendo
798 526 929 581 mari,
958 532 1004 573 et
1022 526 1264 573 montibus
1282 525 1583 590 coaequandis
1609 545 1621 580 ;

123 609 261 657 nobis
284 626 383 657 rem
419 609 695 659 familiarem
737 609 879 656 etiam
919 609 981 656 ad
1002 610 1266 657 necessaria
1288 607 1488 657 deesse?
1522 608 1628 656 illos

120 695 271 751 binas,
298 703 379 742 aut
403 694 622 758 amplius,
646 695 811 743 domos
835 695 1128 743 continuare⁶
1151 695 1288 743 nobis
1322 695 1467 743 larem
1491 695 1628 742 fami-

123 797 251 830 arem
275 799 510 846 nusquam
534 783 684 829 ullum
709 781 847 830 esse?
919 781 1042 830 Cum
1066 783 1267 839 tabulas,
1295 783 1444 846 signa,
1473 789 1627 831 toreu-

119 875 249 916 mata
271 877 467 926 emunt;
505 886 627 916 nova
669 869 877 926 diruunt,
919 869 1008 917 alia
1049 870 1324 925 aedifieant;
1366 872 1622 933 postremo,

120 956 340 1003 omnibus
364 955 518 1004 modis
541 955 792 1019 pecuniam
816 955 1027 1011 trahunt,
1056 962 1226 1003 vexant
1243 955 1279 1012 ;'¹
1314 962 1474 1002 tamen
1499 971 1625 1002 sum-

119 1040 196 1086 ma
217 1040 428 1088 lubidine
465 1041 653 1087 divitias
687 1040 871 1087 vincere
908 1047 1164 1103 nequeunt.
1236 1041 1302 1087 At
1336 1041 1471 1088 nobis
1496 1041 1626 1088 domi

116 1123 278 1186 inopia
315 1122 429 1171 foris
454 1139 520 1171 aes
552 1123 758 1171 alienum
781 1141 790 1170 :
819 1124 943 1171 mala
973 1141 1063 1181 res,
1092 1139 1200 1187 spes
1224 1123 1374 1171 multo
1399 1124 1623 1187 asperior.

176 1274 191 1296 ⁸
220 1275 377 1312 Etenim
397 1276 484 1324 quis
511 1277 742 1322 mortalium,
766 1277 837 1323 cui,
859 1275 949 1327 δια]
981 1277 1061 1314 Tm
1088 1280 1188 1314 most-
1220 1276 1373 1313 learned
1394 1275 1618 1322 Gronovius,

117 1343 214 1380 after
232 1342 393 1390 quoting
411 1342 488 1379 this
508 1346 682 1379 sentence
699 1342 740 1378 in
758 1342 818 1378 his
836 1342 1044 1380 “Diatribe
1063 1353 1111 1379 on
1132 1342 1313 1389 Statius‚”
1333 1354 1363 1379 c.
1386 1343 1449 1388 39,
1470 1353 1506 1389 p.
1529 1343 1620 1392 254,

116 1419 158 1445 as
175 1409 206 1445 it
224 1409 354 1445 stands
371 1407 413 1444 in
431 1408 497 1444 the
514 1412 612 1453 text,
635 1408 710 1444 and
729 1419 780 1454 as,
798 1408 846 1445 he
865 1419 964 1456 sayS,
979 1406 1094 1446 MSS.
1110 1408 1210 1444 have
1223 1407 1265 1453 it,
1278 1407 1349 1444 has
1367 1407 1473 1449 these
1484 1407 1618 1454 words,

116 1473 234 1510 Haud
252 1466 366 1510 dubie
388 1484 480 1510 vera
506 1472 618 1509 lectio
645 1476 724 1510 est:
754 1473 794 1509 in
822 1473 1061 1510 extrudendo
1088 1472 1196 1508 mari.
1255 1469 1319 1510 Ita
1339 1472 1475 1518 Caesar,
1496 1471 1559 1509 lib.
1582 1472 1618 1518 3,

116 1538 174 1574 De
192 1537 300 1574 Bello
320 1535 436 1575 Civili
452 1550 460 1573 :
476 1547 520 1573 ac
539 1536 571 1573 si
590 1537 741 1584 quando
759 1537 1022 1584 magnitudine
1034 1536 1154 1584 operis
1165 1535 1261 1573 forte
1280 1537 1445 1583 superati
1465 1542 1619 1572 extruso

113 1603 212 1639 mari
230 1612 369 1650 aggere
388 1613 431 1638 ac
450 1601 624 1647 molibus,
646 1606 760 1648 atque
777 1602 837 1638 his
863 1602 980 1638 ferme
999 1601 1185 1638 maenibus
1203 1601 1421 1648 adaequatis,
1447 1601 1524 1638 suis
1541 1602 1618 1638 for-

113 1667 216 1704 tunis
248 1667 442 1713 desperare
476 1670 676 1713 coeperant,
702 1666 764 1702 &c.
825 1666 935 1711 Quod
955 1666 1132 1703 Petronio
1160 1665 1349 1714 expellere
1369 1678 1503 1714 aqua-3,
1535 1666 1620 1703 aliis

112 1741 359 1776 summovere,
379 1729 523 1777 fugare,
545 1741 655 1778 agere
673 1730 869 1777 introrsus,
888 1731 960 1767 hoc
979 1730 1158 1769 Sallustio
1184 1735 1222 1768 et
1243 1729 1384 1768 Caesari
1403 1732 1616 1768 extrudere.

113 1796 133 1832 Ι
152 1795 251 1833 shall
269 1799 336 1832 not
354 1795 561 1832 transcribe
580 1794 632 1831 all
649 1795 697 1831 he
716 1806 804 1843 says
823 1807 873 1831 on
890 1796 956 1833 the
974 1807 1147 1844 passage.
1204 1795 1267 1832 He
1294 1796 1488 1842 confesses,
1510 1797 1617 1833 how—

110 1871 207 1907 ever,
227 1860 314 1897 that
333 1863 508 1895 extruere
539 1869 631 1908 may
651 1859 709 1905 do,
730 1860 856 1896 which
874 1864 977 1899 must
996 1860 1042 1897 be
1069 1860 1186 1897 taken
1205 1860 1346 1910 simply
1373 1861 1430 1898 for
1457 1866 1614 1897 struere.

112 1925 180 1963 See
198 1929 287 1962 note
305 1937 353 1961 on
371 1925 483 1972 chap.
506 1925 567 1969 13,
589 1925 667 1962 and
685 1925 886 1963 Petronius
905 1937 954 1963 on
973 1926 1040 1963 the
1053 1924 1155 1964 Civil
1172 1925 1276 1973 War,
1294 1926 1499 1963 OEdificant
1511 1938 1614 1972 auro,

109 1990 286 2038 sedesque
305 1991 354 2027 ad
372 1990 494 2027 sidera
521 1990 692 2028 mittunt.
749 1990 1009 2039 Expelluntur
1041 2003 1150 2040 aquae
1178 1991 1295 2038 saxis,
1316 2003 1420 2028 mare
1448 1991 1617 2027 nascitur

111 2055 224 2102 arvis,
257 2055 424 2094 δια-Ο.

161 2119 177 2142 ⁶
203 2120 351 2158 Domos
364 2119 611 2171 cont-inuare]
634 2125 690 2158 est
709 2123 841 2159 domos
860 2122 1034 2159 domibus
1063 2122 1266 2169 adstruere,
1287 2127 1326 2160 to
1347 2122 1421 2159 add
1439 2123 1555 2159 house
1575 2126 1615 2159 to

104 2186 343 2226 house—M.

163 2252 313 2289 Domos
332 2248 597 2301 continuare]
629 2251 728 2288 Vide
756 2251 898 2290 Meurs.
929 2253 975 2289 de
995 2252 1112 2289 Luxu
1138 2251 1407 2298 Romanorum,
1429 2264 1461 2289 c.
1493 2253 1554 2298 12,
1576 2264 1611 2299 p.

114 2318 278 2356 52.—C.

161 2383 175 2403 ⁷
204 2383 416 2420 Pecuniam
448 2382 620 2431 trahunt,
652 2382 831 2434 vexant]
862 2383 900 2421 A
932 2384 1099 2421 moribus
1130 2383 1219 2421 belli
1250 2387 1373 2421 tracta
1401 2383 1609 2429 translatio,

106 2459 220 2497 quam
240 2444 436 2495 eleganter
453 2448 687 2495 exsequitur,
707 2449 774 2485 ubi
790 2460 887 2485 mox
900 2448 1014 2485 etiam
1034 2448 1183 2485 vincere
1198 2448 1339 2496 adjicit.
1397 2447 1482 2483 Erit
1494 2447 1613 2495 igitur

100 2513 308 2564 pecuniam
342 2513 495 2549 trahere
527 2514 639 2560 idem,
670 2516 771 2562 quod
797 2515 922 2551 modis
949 2515 1120 2562 indignis
1138 2513 1382 2554 distrahere;
1414 2517 1451 2550 et
1470 2525 1611 2550 vexare

105 2578 207 2618 idem
240 2578 342 2626 quod
363 2575 490 2626 supra,
523 2590 604 2625 cap.
626 2579 707 2615 xiv.
744 2577 956 2625 Lac-erare,
987 2579 1043 2616 ita
1072 2583 1116 2616 ut
1135 2590 1325 2616 summam
1346 2579 1553 2617 lubidinem
1573 2585 1611 2617 et

103 2645 353 2695 profundendi
385 2645 584 2682 arbitrium
614 2645 797 2693 designet.
856 2645 964 2682 Idem
994 2657 1115 2694 genus
1144 2645 1341 2694 elegantiae
1371 2651 1437 2693 est,
1460 2648 1610 2695 quando

105 2713 256 2757 Seneca,
291 2710 443 2757 agitare
454 2709 662 2757 pecuniam
677 2723 692 2752 ;
716 2709 872 2757 Statius,
894 2711 1140 2759 stranyulare
1161 2724 1250 2760 opes
1266 2725 1281 2754 ;
1303 2711 1504 2760 Martialis,
1523 2714 1608 2762 fla-

105 2775 250 2824 yellare
268 2773 494 2811 dixit.—M.
