1889 3191
302 247 378 287 106
748 249 1025 291 SALLUSTII
1054 249 1319 292 CATILINA.

294 365 511 414 hostibus
546 366 836 416 occasionem
859 369 1103 432 pugnandi
1125 386 1221 416 non
1243 369 1367 417 dare.
1392 367 1609 432 sperabat
1631 382 1780 431 prope

294 450 418 499 diem
437 468 536 499 sese
553 453 866 509 habiturum‚⁵
878 455 918 500 si
929 455 1094 501 Romae
1104 455 1216 502 socii
1231 455 1436 517 incoepta
1442 453 1775 518 patravissent.

295 537 482 585 Interea
505 538 692 586 servitia
713 539 1002 602 repudiabat,
1031 538 1183 602 cujus⁶
1216 540 1352 586 initio
1373 540 1434 587 ad
1457 557 1563 587 eum
1593 554 1780 601 magnae

295 622 444 686 copiae
467 623 817 679 concurrebant,
855 624 1023 686 opibus
1058 624 1393 686 conjurationis
1426 624 1604 680 fretus;
1642 623 1782 670 simul

297 707 500 755 alienum
525 708 622 754 suis
657 708 916 755 rationibus
945 708 1274 771 [existumans]
1301 709 1447 756 videri
1481 725 1694 756 caussam
1717 708 1782 755 ci-

295 792 423 838 vium
447 809 554 839 cum
579 792 723 839 servis
746 793 958 856 fugitivis
982 794 1412 841 communicavisse.

360 877 520 923 LVII.
575 877 668 924 Sed
710 884 962 942 postquam
1012 878 1063 925 in
1107 885 1259 926 castra
1302 879 1504 926 nuncius
1547 877 1775 941 pervenit,

296 962 462 1009 Romae
485 963 852 1025 conjurationem
875 963 1157 1026 patefactam
1179 985 1190 1020 ;
1218 963 1275 1011 de
1299 964 1516 1019 Lentulo,
1546 962 1772 1026 Cethego,

297 1047 493 1103 caeteris,
537 1064 652 1110 quos
692 1049 831 1111 supra
869 1049 1136 1105 memoravi,
1181 1049 1465 1113 supplicium
1502 1055 1777 1112 sumptum:

295 1132 518 1195 plerique,
546 1148 662 1195 quos
696 1133 757 1179 ad
789 1133 963 1180 bellum
999 1150 1105 1196 spes
1139 1134 1407 1196 rapinarum
1443 1138 1525 1180 aut
1557 1149 1782 1180 novarum

295 1233 451 1264 rerum
494 1217 703 1264 studium
736 1218 960 1275 illexerat,
1001 1219 1305 1266 dilabuntur:
1342 1218 1546 1282 reliquos
1581 1217 1785 1264 Catilina

295 1315 379 1362 per
400 1300 575 1346 montis
609 1316 798 1363 asperos
821 1301 1004 1364 magnis
1037 1301 1283 1348 itineribus
1317 1302 1367 1348 in
1402 1317 1566 1364 agrum
1590 1299 1783 1347 Pistori-

297 1381 471 1428 ensem¹
495 1381 684 1428 abducit
705 1403 717 1437 ;
744 1399 797 1429 eo
821 1383 1028 1438 consilio,
1056 1384 1126 1429 uti
1150 1400 1232 1445 per
1255 1382 1467 1430 tramites
1483 1384 1659 1430 occulte
1681 1399 1783 1446 per-

298 1467 515 1529 fugerent
538 1466 586 1512 in
612 1467 829 1513 Galliam.
899 1468 965 1514 At
991 1469 1050 1523 Q.
1078 1468 1302 1515 Metellus
1327 1468 1474 1524 Celer,
1502 1485 1608 1515 cum
1632 1469 1782 1515 tribus

295 1551 556 1617 legionibus
579 1551 629 1598 in
653 1568 763 1617 agro
785 1551 957 1599 Piceno
980 1552 1264 1616 praesidebat
1283 1551 1318 1599 :²
1343 1569 1398 1601 ex
1417 1552 1691 1601 difficultate
1714 1569 1782 1601 re-

350 1743 365 1765 ⁵
387 1742 473 1779 Sese
504 1740 759 1791 habiturum]
791 1741 938 1780 Cortius
965 1743 1054 1780 thus
1086 1743 1249 1791 supplies
1281 1743 1345 1780 the
1375 1747 1556 1790 sentence,
1598 1742 1782 1791 Sperabat

296 1820 410 1856 prope
429 1809 528 1845 diem
547 1819 625 1845 sese
644 1809 872 1845 occasionem
891 1810 1084 1857 pugnandi
1103 1809 1445 1846 habiturum—M.

350 1871 366 1893 ⁸
387 1871 733 1922 Servitia—cujus]
769 1874 793 1909 i.
811 1885 840 1909 e.
872 1874 979 1921 cujus
1008 1874 1164 1910 servitii.
1223 1874 1414 1911 Relatives
1442 1875 1482 1911 in
1513 1874 1578 1911 the
1614 1874 1783 1922 singular

295 1939 454 1975 number
473 1937 682 1974 sometimes
700 1937 794 1974 refer
811 1942 850 1973 to
868 1937 1060 1974 collective
1080 1939 1316 1974 antecedents
1344 1938 1383 1974 in
1401 1939 1466 1974 the
1493 1936 1625 1984 plural.
1683 1937 1780 1973 Plin.

298 2004 437 2051 Paneg.
458 2014 538 2050 cap.
558 2002 624 2048 xi„
641 2002 750 2046 Quod
768 2003 894 2039 hostes
908 2004 1136 2048 invaserunt,
1154 2003 1260 2050 cujus
1271 2002 1370 2049 pulsi
1383 2002 1579 2051 fugatique
1593 2012 1666 2038 non
1679 2000 1782 2038 aliud

298 2069 421 2118 magis
438 2069 645 2106 habebatur
671 2068 859 2114 indicium,
882 2066 995 2116 quam
1024 2069 1122 2115 quod
1149 2068 1454 2116 triumpharetur.
1514 2068 1665 2105 Sueton.
1687 2066 1780 2105 Caes.

298 2145 378 2180 cap.
400 2132 512 2177 xxii„
535 2131 688 2178 Gallias,
722 2132 844 2180 elegit,
875 2133 981 2180 cujus
1013 2132 1264 2169 emolumento
1293 2133 1425 2169 idonea
1454 2132 1503 2169 sit
1531 2132 1687 2169 materia
1714 2131 1782 2168 tri—

298 2196 647 2245 ampliorum-M.

354 2258 714 2308 Servitia—cujus]
739 2259 922 2305 Sanctius,
943 2259 984 2295 in
1001 2259 1059 2295 his
1078 2259 1238 2296 Miner-v.
1258 2258 1322 2295 lib.
1345 2260 1380 2304 2,
1395 2270 1425 2295 c.
1443 2259 1477 2304 9,
1494 2270 1530 2305 p.
1549 2259 1637 2304 208,
1651 2258 1782 2295 makes

297 2325 403 2372 eujus
422 2335 531 2372 agree
550 2324 643 2359 with
661 2323 802 2370 neyotii
823 2321 1103 2373 (understood).
1163 2322 1231 2359 See
1258 2322 1335 2358 also
1354 2321 1545 2358 Ausonius
1565 2321 1710 2368 Popma
1736 2322 1782 2357 de

296 2388 389 2435 Usu,
411 2387 543 2435 Antiq.
567 2387 757 2423 Locution.
777 2386 840 2422 lib.
863 2387 898 2432 2,
919 2398 948 2422 c.
972 2387 1007 2431 2,
1028 2386 1112 2422 who
1132 2397 1229 2432 says,
1254 2384 1374 2433 Cujus
1393 2384 1522 2420 ishere
1539 2384 1596 2420 for
1610 2395 1779 2432 quorum.

297 2454 461 2492 Gronov.
495 2453 535 2488 in
563 2453 622 2488 his
655 2451 852 2489 Observat.
886 2455 1017 2498 quotes
1049 2451 1125 2487 this
1157 2454 1336 2495 sentence,
1367 2450 1443 2486 and
1471 2449 1596 2486 others
1628 2449 1778 2494 similar,

297 2520 456 2567 making
473 2519 581 2567 eujus
601 2529 709 2566 agree
727 2517 821 2554 with
839 2517 994 2564 generis,
1016 2516 1165 2562 ordinis,
1190 2514 1353 2553 &c.-C.

350 2585 474 2623 LVII.
509 2584 518 2606 ¹
537 2586 682 2633 Ayrum
703 2580 1016 2631 Pistoriensum.]
1047 2582 1127 2618 The
1145 2585 1306 2629 country
1324 2582 1439 2618 about
1457 2580 1618 2617 Pistoria
1634 2591 1677 2617 or
1695 2579 1779 2617 Pis-

296 2649 444 2694 tonum,
466 2661 489 2685 a
500 2653 609 2686 -town
628 2649 668 2684 in
687 2645 850 2693 Etruria,
871 2651 938 2683 not
955 2647 1013 2682 far
1030 2645 1126 2683 from
1140 2646 1204 2682 the
1222 2645 1300 2682 foot
1318 2645 1361 2682 of
1374 2645 1438 2682 the
1455 2643 1680 2691 Appenines,
1694 2654 1779 2679 now

297 2711 416 2749 called
435 2711 717 2749 Pistoria.-—-M.

348 2773 363 2795 ¹
383 2772 655 2823 Proesidebat.]
687 2773 865 2810 Praesidio
884 2776 965 2809 erat
991 2783 1082 2820 agro
1101 2772 1248 2817 Piceno,
1269 2775 1312 2808 ut
1339 2776 1377 2809 et
1393 2770 1515 2808 illium
1543 2774 1719 2816 tueretur,
1743 2774 1779 2807 et

299 2839 472 2879 Catilina>
491 2837 758 2884 Gallorumque
776 2841 902 2873 motus
919 2835 1252 2873 observares-M.
