1889 3191
291 234 311 267 7
318 231 340 266 4
653 228 928 268 SALLUSTII
956 229 976 266 δ
984 228 1367 268 UGURTHINUM.

265 347 418 394 ditum
459 346 712 403 venissent,
753 347 822 392 uti
848 346 899 392 in
939 345 1104 392 diebus
1144 345 1386 408 proxumis
1421 343 1579 391 decem
1616 343 1751 389 Italia

266 419 595 480 decederent.''
668 431 846 479 Consul
875 430 1097 476 Numidis
1121 446 1178 477 ex
1213 430 1362 476 senati
1385 429 1570 476 decreto
1593 427 1755 474 nunci-

264 518 331 563 ari
347 518 501 580 jubet.
527 519 594 564 ita
617 517 803 563 infectis
829 516 967 562 rebus
989 514 1059 560 illi
1082 514 1272 561 domum
1297 513 1556 562 discedunt.
1625 513 1753 560 Inte·

262 603 352 648 rim
378 602 677 664 Calpurnius,
706 608 869 663 parato
905 599 1126 654 exercitu,
1152 599 1278 661 legat
1313 599 1401 645 sibi
1434 599 1649 646 homines
1673 612 1753 644 no-

263 687 386 742 bilis,
429 688 682 740 factiosos3
723 701 919 748 quorum
957 683 1246 738 auctoritate,
1291 700 1397 746 quae
1442 680 1752 746 deliquisset,²

263 774 448 819 munita
471 772 570 818 fore
595 772 841 833 sperabat;
880 769 928 816 in
953 772 1057 833 quis
1080 769 1170 815 fuit
1195 769 1410 824 Scaurus,
1437 767 1570 832 cujus
1593 768 1651 815 de
1673 784 1755 815 na-

263 858 369 903 tura
406 864 452 903 et
491 856 659 903 habitu
698 857 838 918 supra
876 854 1251 901 memoravimus.
1320 854 1445 900 Nam
1481 853 1527 900 in
1564 853 1753 900 consule

263 947 425 986 nostro
449 939 612 985 multae
651 940 879 1001 bonaeque
915 944 1038 983 artes
1074 937 1219 983 animi
1253 943 1299 983 et
1336 935 1543 997 corporis
1579 941 1744 988 erant3

265 1041 380 1088 quas
404 1024 556 1071 omnis
580 1023 773 1071 avaritia
793 1022 1143 1086 praepediebat:
1181 1021 1366 1084 patiens
1400 1021 1628 1076 laborum,
1660 1020 1754 1068 acri

265 1111 469 1172 ingenio,
497 1111 611 1156 satis
636 1108 900 1172 providem,
927 1107 1037 1154 belli
1060 1106 1188 1153 haud
1210 1106 1414 1169 ignarus,
1443 1105 1755 1152 firmissumus

267 1203 429 1243 contra
464 1194 669 1257 pericula
709 1200 754 1240 et
797 1192 1007 1239 insidias.
1077 1191 1169 1238 Sed
1205 1191 1412 1254 legiones
1447 1208 1532 1254 per
1566 1192 1753 1238 Italiam

268 1280 519 1342 Rhegium,
548 1287 689 1341 atqua
723 1278 832 1324 inde
858 1276 1101 1332 Siciliam,3
1126 1276 1264 1338 porro
1298 1292 1354 1322 ex
1379 1276 1535 1322 Sicilia
1556 1276 1606 1322 in
1629 1276 1755 1323 Afri-

267 1383 368 1412 cam
394 1372 688 1411 transvectae.
761 1364 914 1426 Igitur
939 1362 1222 1424 Calpurnius
1246 1361 1394 1417 initio,
1421 1362 1597 1423 paratis
1631 1378 1754 1409 com-

267 1450 512 1504 meatibus,
542 1449 708 1495 acriter
733 1447 1010 1494 Numidiam
1045 1447 1284 1509 ingressus
1308 1453 1395 1502 est,
1421 1446 1596 1493 multos
1631 1463 1753 1494 mor-

267 1536 388 1590 talis,
418 1544 463 1582 et
487 1535 615 1581 urbis
640 1534 816 1596 aliquot
840 1532 1094 1595 pugnando
1119 1532 1256 1594 capit.

333 1621 521 1667 XXIX.
562 1619 654 1666 Sed
669 1619 750 1665 ubi
772 1619 802 1664 J
809 1617 1013 1680 ugurtha
1036 1632 1118 1678 per
1140 1616 1317 1678 legatos
1340 1616 1537 1678 pecunia
1559 1624 1751 1673 tentare,

267 1707 481 1770 bellique,
509 1705 632 1768 quod
659 1703 1032 1757 administrabat,
1060 1702 1361 1764 asperitatem
1395 1702 1641 1749 ostendere
1665 1719 1755 1749 coe-

265 1793 364 1855 pit3
394 1792 578 1838 animus
603 1806 726 1851 aegcr
745 1789 935 1835 avaritia
948 1787 1080 1834 facile
1105 1803 1354 1835 conversus
1374 1795 1460 1834 est.
1516 1788 1753 1836 Caeterum

268 1878 421 1924 socius
440 1885 486 1923 et
505 1876 780 1922 administer
795 1875 1005 1920 omnium
1026 1873 1326 1921 consiliorum
1342 1874 1606 1921 adsumitur
1617 1875 1756 1922 Scau-

268 1981 377 2011 rus:
417 1964 509 2027 qui,
538 1963 727 2009 tametsi
752 1979 778 2008 a
813 1962 1058 2024 principio,
1085 1962 1319 2025 plerisque
1354 1979 1410 2009 ex
1433 1963 1633 2011 factione
1656 1964 1757 2027 ejus

267 2051 512 2114 corruptis,
541 2050 775 2096 acerrume
801 2047 976 2110 Regem
1003 2049 1386 2110 impugnaverat;
1429 2058 1600 2105 tamen,
1628 2067 1757 2111 mag-

322 2201 336 2223 2
363 2202 452 2244 Quoe
472 2199 724 2250 deliquisset]
757 2200 848 2236 This
859 2200 950 2236 verb
969 2201 1038 2236 has
1058 2211 1106 2236 an
1125 2199 1247 2236 active
1265 2199 1512 2248 signification
1534 2201 1632 2239 here.
1690 2203 1757 2240 See

272 2270 399 2307 Sanct.
420 2267 593 2311 Minerv„
611 2265 675 2301 lib.
700 2267 734 2310 3,
756 2277 786 2300 c.
809 2265 844 2309 3,
866 2276 902 2310 p.
926 2263 1116 2301 363.-C.

325 2330 340 2351 ³
364 2333 438 2369 Sed
456 2331 619 2377 Ieyiones
633 2341 706 2375 per
730 2327 890 2364 Italiam
911 2327 1095 2375 Rheyium
1115 2333 1230 2375 atque
1248 2328 1338 2363 inde
1359 2328 1541 2375 Siciliam,
1562 2329 1648 2380 sca]
1679 2332 1760 2370 The

271 2396 498 2446 preposition
516 2395 548 2430 is
567 2394 653 2429 herc
672 2392 838 2437 omitted,
855 2402 898 2428 as
918 2391 1085 2428 Perizon.
1100 2403 1147 2428 on
1167 2391 1293 2429 Sanct.
1308 2392 1468 2428 Minerv.
1485 2393 1554 2430 has
1568 2395 1758 2441 observed,

270 2463 333 2498 lib.
356 2463 392 2505 4,
417 2461 450 2504 6,
472 2470 507 2505 p.
532 2458 620 2494 670.
661 2455 787 2493 Sanct.
808 2459 938 2502 quotes
957 2455 1071 2500 there,
1090 2454 1166 2491 Cic.
1188 2466 1254 2501 pro
1272 2454 1354 2502 lege
1369 2455 1537 2503 Manilia,
1558 2456 1647 2493 inde
1665 2457 1758 2494 Sar-

272 2524 417 2559 diniam
439 2532 526 2558 cum
544 2520 660 2556 classe
679 2519 794 2555 venit.
853 2518 920 2560 Id„
944 2517 1016 2554 Pro
1035 2517 1193 2554 Muraen.
1216 2517 1302 2561 Qua
1320 2529 1371 2554 ex
1389 2530 1519 2567 pugna
1535 2517 1623 2556 ciim
1641 2532 1681 2556 se
1697 2521 1759 2557 ille

274 2589 477 2636 eripuisset,
496 2591 532 2623 et
552 2585 790 2631 Bosphorum
809 2584 1048 2631 confugisset.
1088 2583 1193 2620 Idem
1215 2585 1248 2629 3,
1271 2583 1378 2620 Verr.
1402 2584 1551 2632 Samon,
1573 2586 1756 2633 Tenedon,

272 2659 309 2691 et
329 2653 460 2695 Delon,
481 2662 582 2687 nunc
600 2662 685 2686 cum
713 2649 981 2696 praepositione,
1002 2659 1102 2684 nunc
1129 2648 1207 2684 sine
1226 2648 1291 2684 illa
1318 2649 1455 2686 scribit.
1512 2649 1580 2688 See
1607 2651 1709 2688 there
1738 2663 1759 2688 a

273 2729 376 2766 seges
394 2714 664 2761 exemplorum,
685 2715 738 2762 by
755 2714 860 2751 those
878 2719 954 2750 two
972 2713 1078 2761 truly
1094 2712 1244 2750 learned
1261 2715 1460 2753 meu—C.
