1889 3191
583 257 864 297 SALLUSTII
893 257 1163 297 CATILINA.
1397 246 1401 251 ’
1575 261 1623 297 93

127 375 359 432 evenerit3
397 375 605 424 ceterum
639 392 736 433 vos,
765 377 931 424 Patres
966 375 1236 440 conscripti,
1275 376 1390 440 quid
1422 377 1473 424 in
1507 377 1624 425 alios

125 459 358 515 statuatis,
386 459 695 507 considerate.
766 458 940 506 Omnia
962 459 1088 506 mala
1122 460 1337 523 exempla
1359 476 1416 507 ex
1448 460 1624 507 bonis¹2

123 550 226 590 orta
247 549 360 589 sunt
380 561 390 588 ε
429 542 512 590 sed
534 542 618 589 ubi
639 542 892 605 imperium
928 542 989 589 ad
1010 543 1216 606 ignaros,
1243 551 1324 591 aut
1358 543 1517 591 minus
1541 544 1622 590 bo-

121 646 208 677 nos
232 629 474 692 pervenit:
501 645 677 676 novum
699 628 817 676 illud
841 628 1157 692 [exemplum]
1184 630 1242 676 ab
1272 630 1429 694 dignis
1453 636 1500 677 et
1522 630 1621 677 ido-

120 714 237 771 neis,
263 714 325 762 ad
347 714 569 777 indignos
594 721 640 762 et
663 731 760 761 non
793 714 991 762 idoneos
1024 714 1328 763 transfertur.
1397 715 1620 763 Lacedae-

120 799 282 855 monii,
311 796 506 846 devictis
541 798 918 846 Atheniensibus
953 798 1152 862 triginta
1185 799 1309 846 viros
1334 799 1617 862 imposuere,

120 888 201 951 qui
237 887 576 951 rempublicam
611 904 772 934 eorum
808 894 1079 935 tractarent.
1148 889 1217 935 Hi
1251 890 1402 952 primo
1438 907 1619 953 coepere

117 991 394 1038 pessumum
431 990 664 1037 quemque
704 980 750 1020 et
789 974 1009 1021 omnibus
1048 974 1254 1022 invisum
1290 976 1618 1024 indemnatum

117 1076 300 1108 necare.
323 1076 377 1107 ea
398 1059 604 1122 populus
638 1059 805 1115 laetari,
834 1067 882 1106 et
921 1060 1089 1107 merito
1113 1060 1267 1108 dicere
1301 1062 1416 1108 fieri.
1485 1063 1615 1120 Post,

115 1147 198 1194 ubi
219 1145 464 1210 paullatim
487 1146 678 1193 licentia
701 1147 858 1202 crevit,
881 1147 1020 1209 juxta
1042 1147 1191 1194 bonos
1216 1154 1262 1194 et
1279 1148 1429 1195 malos
1446 1148 1617 1196 lubidi-

115 1235 227 1280 nose
249 1233 526 1289 interficere,
555 1241 749 1280 caeteros
773 1241 905 1280 metu
927 1239 1115 1280 terrere.
1183 1234 1261 1281 Ita
1275 1235 1453 1291 civitas,
1477 1236 1617 1283 servi-

115 1326 217 1367 tute
241 1336 468 1383 oppressa
492 1319 654 1367 stultae
677 1319 861 1366 laetitiae
884 1319 1038 1383 gravis
1062 1336 1227 1382 poenas
1253 1320 1398 1368 dedit.
1438 1321 1617 1369 Nostra-

113 1403 355 1461 memoria,
379 1405 528 1453 victor
553 1405 684 1452 Sulla
706 1403 814 1452 cum
833 1404 1216 1468 Damasippum13
1241 1413 1288 1452 et
1313 1406 1428 1453 alios
1452 1406 1616 1471 hujus-

112 1492 256 1548 modi,
285 1492 367 1555 qui
388 1492 513 1539 malo
536 1491 809 1555 reipublicae
834 1498 1087 1548 creverant,
1112 1491 1320 1554 jugulari
1330 1492 1490 1556 jussit,
1510 1494 1615 1557 quis

113 1593 210 1626 non
231 1578 410 1625 factum
434 1577 535 1641 ejus
556 1577 815 1624 laudabat?
852 1577 1068 1624 homines
1104 1578 1341 1634 scelestos,
1374 1578 1611 1636 factiosos,

113 1664 195 1727 qui
217 1664 530 1712 seditionibus
564 1663 906 1727 rempublicam
942 1663 1306 1727 exagitaverant,
1333 1665 1500 1711 merito
1535 1683 1616 1713 ne-

112 1758 241 1797 catos
281 1751 484 1798 aiebant.
554 1750 647 1797 Sed
687 1767 741 1797 ea
774 1766 849 1798 res
880 1766 1067 1813 magnae
1096 1750 1287 1797 initium
1322 1751 1467 1798 cladis
1504 1752 1612 1800 fuit.

111 1837 238 1884 Nam
265 1837 334 1884 uti
357 1837 556 1901 quisque
590 1836 799 1892 domum,
828 1842 910 1884 aut
943 1836 1117 1893 villam,
1144 1839 1491 1900 postremo-'aut
1512 1855 1609 1895 vas,

110 1929 192 1970 aut
229 1923 569 1970 vestimentum
603 1922 801 1986 alicujus
836 1922 1184 1985 concupiverat,
1222 1922 1365 1970 dabat
1400 1940 1608 1987 operam,

109 2009 182 2056 uti
201 2009 252 2056 in
285 2009 658 2073 proscriptorum
683 2025 881 2057 numero
912 2015 1051 2057 esset.
1119 2010 1197 2056 Ita
1233 2010 1404 2073 quibus
1439 2011 1612 2058 Dama-

112 2092 236 2156 sippi
258 2109 387 2140 mors
420 2093 604 2141 laetitiae
627 2093 795 2150 fuerat,
821 2101 932 2157 post
965 2094 1123 2157 paullo
1146 2095 1241 2158 ipsi
1266 2097 1607 2145 trahebantur:

163 2276 193 2299 ¹²
218 2278 359 2316 Omnia
379 2279 486 2316 mala
505 2279 682 2327 exempla
703 2291 750 2315 ex
770 2279 889 2326 bonis,
915 2278 1002 2331 &c.]
1025 2280 1105 2317 The
1118 2280 1271 2318 learned
1290 2281 1401 2318 Peter
1419 2281 1611 2319 Victorius

107 2346 177 2382 has
196 2357 219 2382 a
236 2346 328 2393 long
355 2347 510 2392 chapter
537 2347 578 2382 in
604 2345 664 2382 his
682 2345 775 2382 var.
797 2346 963 2383 Lection.
983 2346 1048 2383 lib.
1072 2348 1120 2383 26
1147 2344 1234 2394 (the
1263 2348 1333 2383 3rd
1351 2345 1539 2396 chapter),
1561 2359 1611 2384 on

107 2411 213 2447 these
230 2411 352 2447 words
368 2411 410 2446 of
424 2422 492 2447 our
509 2411 703 2457 historian,
723 2411 899 2459 showing
915 2411 1002 2448 that
1018 2412 1113 2460 they
1132 2423 1195 2448 are
1213 2424 1307 2460 very
1326 2412 1469 2449 similar
1487 2417 1526 2449 to
1545 2413 1610 2449 the

107 2476 298 2524 language
318 2477 411 2512 used
441 2477 496 2525 by
528 2477 663 2524 Lysias
695 2478 770 2514 and
790 2477 1014 2524 Xenophon,
1050 2489 1092 2514 or
1120 2478 1247 2514 rather
1279 2478 1365 2514 that
1391 2478 1456 2514 the
1473 2479 1607 2526 words,

110 2543 131 2561 “
148 2541 425 2578 Lacedaemonii
442 2541 600 2579 devictis
618 2542 913 2580 Atheniensibus
932 2543 1091 2591 triginta
1108 2540 1247 2589 viros‚’'
1262 2543 1338 2588 &e.‚
1360 2554 1423 2579 are
1436 2543 1609 2581 imitated

108 2607 210 2644 from
230 2607 455 2654 Xenophon.
515 2607 536 2643 I
554 2612 692 2644 cannot
710 2608 916 2644 transcribe
933 2609 998 2644 the
1017 2608 1172 2655 chapter
1188 2608 1229 2644 in
1247 2620 1316 2656 my
1333 2609 1534 2647 note.-C.

161 2670 191 2701 ’Β
213 2670 540 2723 Damasippum]
573 2673 654 2710 The
672 2675 751 2722 city
769 2674 924 2720 Praetor,
946 2675 1022 2711 and
1049 2685 1119 2711 one
1137 2674 1179 2711 of
1192 2675 1257 2712 the
1275 2675 1427 2712 Marian
1453 2676 1604 2713 faction.

106 2740 170 2776 He
186 2739 265 2776 had
279 2738 480 2787 employed
497 2739 549 2775 all
566 2739 626 2775 his
643 2739 811 2785 interest,
831 2740 872 2775 in
900 2751 923 2776 a
940 2743 1040 2777 most
1058 2739 1253 2777 malicious
1272 2740 1347 2778 and
1374 2740 1477 2778 cruel
1495 2752 1606 2779 man-

107 2815 187 2850 ner,
207 2803 358 2853 against
379 2803 486 2842 Sulla
505 2804 582 2841 and
598 2804 659 2842 his
678 2803 913 2853 party.-M.
