<?xml version="1.0" encoding="UTF-8"?>
<!DOCTYPE html PUBLIC "-//W3C//DTD XHTML 1.0 Transitional//EN"
    "http://www.w3.org/TR/xhtml1/DTD/xhtml1-transitional.dtd">
<html xmlns="http://www.w3.org/1999/xhtml" xml:lang="en" lang="en">
 <head>
  <title>
</title>
<meta http-equiv="Content-Type" content="text/html;charset=utf-8" />
  <meta name='ocr-system' content='tesseract 3.04.00' />
  <meta name='ocr-capabilities' content='ocr_page ocr_carea ocr_par ocr_line ocrx_word'/>
</head>
<body>
  <div class='ocr_page' id='page_1' title='image "./sallusts00salluoft_0268.png"; bbox 0 0 1889 3191; ppageno 0'>
   <div class='ocr_carea' id='block_1_1' title="bbox 280 225 1373 266">
    <p class='ocr_par' dir='ltr' id='par_1_1' title="bbox 280 225 1373 266">
     <span class='ocr_line' id='line_1_1' title="bbox 280 225 1373 266; baseline 0.003 -7"><span class='ocrx_word' id='word_1_1' title='bbox 280 225 356 259; x_wconf 70' lang='lat'><strong>254</strong></span> <span class='ocrx_word' id='word_1_2' title='bbox 653 225 930 264; x_wconf 77' lang='lat' dir='ltr'>SALLUSTII</span> <span class='ocrx_word' id='word_1_3' title='bbox 957 227 980 263; x_wconf 83' lang='lat' dir='ltr'>J</span> <span class='ocrx_word' id='word_1_4' title='bbox 987 225 1373 266; x_wconf 82' lang='lat' dir='ltr'>UGURTHINUM.</span> 
     </span>
    </p>
   </div>
   <div class='ocr_carea' id='block_1_2' title="bbox 254 340 1782 1856">
    <p class='ocr_par' dir='ltr' id='par_1_2' title="bbox 254 340 1782 1856">
     <span class='ocr_line' id='line_1_2' title="bbox 274 340 1757 407; baseline 0.001 -20"><span class='ocrx_word' id='word_1_5' title='bbox 274 341 445 388; x_wconf 80' lang='lat' dir='ltr'>classes</span> <span class='ocrx_word' id='word_1_6' title='bbox 468 341 587 389; x_wconf 88' lang='lat' dir='ltr'><strong>fusae</strong></span> <span class='ocrx_word' id='word_1_7' title='bbox 611 343 892 407; x_wconf 83' lang='lat' dir='ltr'><strong>fugataeque,</strong></span> <span class='ocrx_word' id='word_1_8' title='bbox 921 352 967 391; x_wconf 91' lang='lat' dir='ltr'><strong>et</strong></span> <span class='ocrx_word' id='word_1_9' title='bbox 1001 344 1136 390; x_wconf 86' lang='lat' dir='ltr'><strong>alteri</strong></span> <span class='ocrx_word' id='word_1_10' title='bbox 1159 344 1331 391; x_wconf 88' lang='lat' dir='ltr'><strong>alteros</strong></span> <span class='ocrx_word' id='word_1_11' title='bbox 1365 343 1654 406; x_wconf 74' lang='lat' dir='ltr'><strong>aliquantum</strong></span> <span class='ocrx_word' id='word_1_12' title='bbox 1677 340 1757 388; x_wconf 86' lang='lat' dir='ltr'><strong>ad-</strong></span> 
     </span>
     <span class='ocr_line' id='line_1_3' title="bbox 269 426 1757 492; baseline 0.001 -21"><span class='ocrx_word' id='word_1_13' title='bbox 269 426 521 473; x_wconf 81' lang='lat' dir='ltr'><strong>triverant:</strong></span> <span class='ocrx_word' id='word_1_14' title='bbox 547 427 698 483; x_wconf 79' lang='lat' dir='ltr'><strong>veriti,</strong></span> <span class='ocrx_word' id='word_1_15' title='bbox 724 430 781 474; x_wconf 74' lang='lat' dir='ltr'><strong>ne</strong></span> <span class='ocrx_word' id='word_1_16' title='bbox 806 445 915 474; x_wconf 80' lang='lat' dir='ltr'><strong>mox</strong></span> <span class='ocrx_word' id='word_1_17' title='bbox 938 430 1085 476; x_wconf 82' lang='lat' dir='ltr'><strong>victos</strong></span> <span class='ocrx_word' id='word_1_18' title='bbox 1101 429 1390 492; x_wconf 81' lang='lat' dir='ltr'><strong>victoresque</strong></span> <span class='ocrx_word' id='word_1_19' title='bbox 1415 429 1622 476; x_wconf 87' lang='lat' dir='ltr'><strong>defessos</strong></span> <span class='ocrx_word' id='word_1_20' title='bbox 1636 427 1757 474; x_wconf 85' lang='lat' dir='ltr'><strong>alius</strong></span> 
     </span>
     <span class='ocr_line' id='line_1_4' title="bbox 269 511 1755 576; baseline 0 -18"><span class='ocrx_word' id='word_1_21' title='bbox 269 511 611 574; x_wconf 84' lang='lat' dir='ltr'><strong>adgrederetur,</strong></span> <span class='ocrx_word' id='word_1_22' title='bbox 663 529 745 575; x_wconf 87' lang='lat' dir='ltr'><strong>per</strong></span> <span class='ocrx_word' id='word_1_23' title='bbox 790 513 1002 559; x_wconf 82' lang='lat' dir='ltr'>inducias</span> <span class='ocrx_word' id='word_1_24' title='bbox 1049 514 1347 576; x_wconf 89' lang='lat' dir='ltr'><strong>sponsionem</strong></span> <span class='ocrx_word' id='word_1_25' title='bbox 1395 514 1588 568; x_wconf 86' lang='lat' dir='ltr'><strong>faciunt,</strong></span> <span class='ocrx_word' id='word_1_26' title='bbox 1639 513 1755 559; x_wconf 82' lang='lat' dir='ltr'><strong>“uti</strong></span> 
     </span>
     <span class='ocr_line' id='line_1_5' title="bbox 268 597 1755 662; baseline 0.001 -20"><span class='ocrx_word' id='word_1_27' title='bbox 268 606 393 643; x_wconf 89' lang='lat' dir='ltr'><strong>certo</strong></span> <span class='ocrx_word' id='word_1_28' title='bbox 417 597 492 643; x_wconf 88' lang='lat' dir='ltr'><strong>die</strong></span> <span class='ocrx_word' id='word_1_29' title='bbox 515 597 656 659; x_wconf 89' lang='lat' dir='ltr'><strong>legati</strong></span> <span class='ocrx_word' id='word_1_30' title='bbox 681 597 819 643; x_wconf 89' lang='lat' dir='ltr'><strong>domo</strong></span> <span class='ocrx_word' id='word_1_31' title='bbox 844 597 1250 657; x_wconf 82' lang='lat' dir='ltr'><strong>proficiscerentur</strong></span> <span class='ocrx_word' id='word_1_32' title='bbox 1269 619 1281 653; x_wconf 92' lang='lat'>;</span> <span class='ocrx_word' id='word_1_33' title='bbox 1319 616 1411 662; x_wconf 91' lang='lat' dir='ltr'><strong>quo</strong></span> <span class='ocrx_word' id='word_1_34' title='bbox 1434 600 1482 645; x_wconf 89' lang='lat' dir='ltr'><strong>in</strong></span> <span class='ocrx_word' id='word_1_35' title='bbox 1506 600 1608 645; x_wconf 89' lang='lat' dir='ltr'><strong>loeo</strong></span> <span class='ocrx_word' id='word_1_36' title='bbox 1632 599 1755 645; x_wconf 87' lang='lat' dir='ltr'><strong>inter</strong></span> 
     </span>
     <span class='ocr_line' id='line_1_6' title="bbox 266 681 1753 745; baseline 0.003 -19"><span class='ocrx_word' id='word_1_37' title='bbox 266 698 314 727; x_wconf 90' lang='lat' dir='ltr'><strong>se</strong></span> <span class='ocrx_word' id='word_1_38' title='bbox 338 682 462 727; x_wconf 77' lang='lat' dir='ltr'><strong>obvii</strong></span> <span class='ocrx_word' id='word_1_39' title='bbox 485 681 699 736; x_wconf 87' lang='lat' dir='ltr'><strong>fuissent,</strong></span> <span class='ocrx_word' id='word_1_40' title='bbox 725 681 765 727; x_wconf 91' lang='lat' dir='ltr'><strong>is</strong></span> <span class='ocrx_word' id='word_1_41' title='bbox 789 683 1054 728; x_wconf 91' lang='lat' dir='ltr'><strong>communis</strong></span> <span class='ocrx_word' id='word_1_42' title='bbox 1088 683 1330 745; x_wconf 88' lang='lat' dir='ltr'><strong>utriusque</strong></span> <span class='ocrx_word' id='word_1_43' title='bbox 1355 684 1517 745; x_wconf 88' lang='lat' dir='ltr'><strong>populi</strong></span> <span class='ocrx_word' id='word_1_44' title='bbox 1540 684 1647 730; x_wconf 87' lang='lat' dir='ltr'><strong>finis</strong></span> <span class='ocrx_word' id='word_1_45' title='bbox 1671 683 1753 730; x_wconf 84' lang='lat' dir='ltr'><strong>ha·</strong></span> 
     </span>
     <span class='ocr_line' id='line_1_7' title="bbox 265 766 1755 830; baseline 0.003 -20"><span class='ocrx_word' id='word_1_46' title='bbox 265 766 502 811; x_wconf 79' lang='lat' dir='ltr'><strong>bei-etur.’&#39;</strong></span> <span class='ocrx_word' id='word_1_47' title='bbox 575 766 729 828; x_wconf 85' lang='lat' dir='ltr'>Igitur</span> <span class='ocrx_word' id='word_1_48' title='bbox 752 767 1037 830; x_wconf 85' lang='lat' dir='ltr'><strong>Carthagine</strong></span> <span class='ocrx_word' id='word_1_49' title='bbox 1072 768 1165 814; x_wconf 90' lang='lat' dir='ltr'><strong>duo</strong></span> <span class='ocrx_word' id='word_1_50' title='bbox 1196 768 1363 814; x_wconf 85' lang='lat' dir='ltr'><strong>fratres</strong></span> <span class='ocrx_word' id='word_1_51' title='bbox 1398 768 1545 823; x_wconf 87' lang='lat' dir='ltr'><strong>missi,</strong></span> <span class='ocrx_word' id='word_1_52' title='bbox 1585 769 1755 830; x_wconf 84' lang='lat' dir='ltr'><strong>quibus</strong></span> 
     </span>
     <span class='ocr_line' id='line_1_8' title="bbox 264 851 1754 916; baseline 0.003 -21"><span class='ocrx_word' id='word_1_53' title='bbox 264 867 433 898; x_wconf 74' lang='lat' dir='ltr'><strong>nomen</strong></span> <span class='ocrx_word' id='word_1_54' title='bbox 475 851 701 898; x_wconf 72' lang='lat' dir='ltr'><strong>Philaenis</strong></span> <span class='ocrx_word' id='word_1_55' title='bbox 752 860 864 908; x_wconf 87' lang='lat' dir='ltr'><strong>erat,</strong></span> <span class='ocrx_word' id='word_1_56' title='bbox 903 862 1194 899; x_wconf 84' lang='lat' dir='ltr'><strong>maturavere</strong></span> <span class='ocrx_word' id='word_1_57' title='bbox 1228 854 1318 899; x_wconf 91' lang='lat' dir='ltr'><strong>iter</strong></span> <span class='ocrx_word' id='word_1_58' title='bbox 1351 869 1573 916; x_wconf 70' lang='lat' dir='ltr'><strong>pergerez</strong></span> <span class='ocrx_word' id='word_1_59' title='bbox 1612 853 1754 916; x_wconf 85' lang='lat' dir='ltr'><strong>Cyre-</strong></span> 
     </span>
     <span class='ocr_line' id='line_1_9' title="bbox 263 936 1753 1000; baseline 0.002 -19"><span class='ocrx_word' id='word_1_60' title='bbox 263 953 430 982; x_wconf 81' lang='lat' dir='ltr'><strong>nenses</strong></span> <span class='ocrx_word' id='word_1_61' title='bbox 449 936 627 983; x_wconf 81' lang='lat' dir='ltr'><strong>tardius</strong></span> <span class='ocrx_word' id='word_1_62' title='bbox 644 937 752 984; x_wconf 88' lang='lat' dir='ltr'><strong>iere.</strong></span> <span class='ocrx_word' id='word_1_63' title='bbox 809 937 869 983; x_wconf 90' lang='lat' dir='ltr'><strong>Id</strong></span> <span class='ocrx_word' id='word_1_64' title='bbox 893 938 1180 993; x_wconf 71' lang='lat' dir='ltr'><strong>socordiane,</strong></span> <span class='ocrx_word' id='word_1_65' title='bbox 1199 954 1258 983; x_wconf 87' lang='lat' dir='ltr'><strong>an</strong></span> <span class='ocrx_word' id='word_1_66' title='bbox 1282 954 1392 984; x_wconf 92' lang='lat' dir='ltr'><strong>casu</strong></span> <span class='ocrx_word' id='word_1_67' title='bbox 1411 938 1645 993; x_wconf 82' lang='lat' dir='ltr'><strong>acciderit,</strong></span> <span class='ocrx_word' id='word_1_68' title='bbox 1673 954 1753 1000; x_wconf 88' lang='lat' dir='ltr'><strong>pa-</strong></span> 
     </span>
     <span class='ocr_line' id='line_1_10' title="bbox 262 1023 1754 1086; baseline 0.001 -18"><span class='ocrx_word' id='word_1_69' title='bbox 262 1027 367 1068; x_wconf 76' lang='lat' dir='ltr'><strong>riim</strong></span> <span class='ocrx_word' id='word_1_70' title='bbox 415 1024 624 1084; x_wconf 76' lang='lat' dir='ltr'><strong>cognovi.</strong></span> <span class='ocrx_word' id='word_1_71' title='bbox 696 1023 933 1070; x_wconf 72' lang='lat' dir='ltr'><strong>Caeterum</strong></span> <span class='ocrx_word' id='word_1_72' title='bbox 975 1023 1092 1070; x_wconf 88' lang='lat' dir='ltr'><strong>solet</strong></span> <span class='ocrx_word' id='word_1_73' title='bbox 1138 1024 1188 1069; x_wconf 92' lang='lat' dir='ltr'><strong>in</strong></span> <span class='ocrx_word' id='word_1_74' title='bbox 1220 1024 1313 1070; x_wconf 89' lang='lat' dir='ltr'><strong>illis</strong></span> <span class='ocrx_word' id='word_1_75' title='bbox 1347 1023 1462 1070; x_wconf 89' lang='lat' dir='ltr'><strong>locis</strong></span> <span class='ocrx_word' id='word_1_76' title='bbox 1497 1031 1754 1086; x_wconf 85' lang='lat' dir='ltr'><strong>tempestas</strong></span> 
     </span>
     <span class='ocr_line' id='line_1_11' title="bbox 260 1107 1782 1171; baseline 0.001 -18"><span class='ocrx_word' id='word_1_77' title='bbox 260 1107 388 1153; x_wconf 76' lang='lat' dir='ltr'><strong>haud</strong></span> <span class='ocrx_word' id='word_1_78' title='bbox 413 1111 562 1162; x_wconf 76' lang='lat' dir='ltr'><strong>secus,</strong></span> <span class='ocrx_word' id='word_1_79' title='bbox 588 1117 728 1170; x_wconf 90' lang='lat' dir='ltr'><strong>atque</strong></span> <span class='ocrx_word' id='word_1_80' title='bbox 762 1109 812 1154; x_wconf 90' lang='lat' dir='ltr'><strong>in</strong></span> <span class='ocrx_word' id='word_1_81' title='bbox 837 1108 953 1154; x_wconf 86' lang='lat' dir='ltr'><strong>mari</strong></span> <span class='ocrx_word' id='word_1_82' title='bbox 989 1109 1202 1155; x_wconf 88' lang='lat' dir='ltr'><strong>retinere.</strong></span> <span class='ocrx_word' id='word_1_83' title='bbox 1270 1109 1396 1155; x_wconf 87' lang='lat' dir='ltr'><strong>Nam</strong></span> <span class='ocrx_word' id='word_1_84' title='bbox 1431 1109 1512 1155; x_wconf 88' lang='lat' dir='ltr'><strong>ubi</strong></span> <span class='ocrx_word' id='word_1_85' title='bbox 1535 1125 1619 1171; x_wconf 86' lang='lat' dir='ltr'><strong>per</strong></span> <span class='ocrx_word' id='word_1_86' title='bbox 1652 1109 1754 1156; x_wconf 83' lang='lat' dir='ltr'><strong>loca</strong></span> <span class='ocrx_word' id='word_1_87' title='bbox 1779 1114 1782 1117; x_wconf 75' lang='grc'><strong><em>’</em></strong></span> 
     </span>
     <span class='ocr_line' id='line_1_12' title="bbox 261 1192 1751 1256; baseline 0.001 -18"><span class='ocrx_word' id='word_1_88' title='bbox 261 1193 458 1255; x_wconf 81' lang='lat' dir='ltr'><strong>aequalia</strong></span> <span class='ocrx_word' id='word_1_89' title='bbox 481 1204 526 1239; x_wconf 91' lang='lat' dir='ltr'><strong>et</strong></span> <span class='ocrx_word' id='word_1_90' title='bbox 550 1193 677 1239; x_wconf 91' lang='lat' dir='ltr'><strong>nuda</strong></span> <span class='ocrx_word' id='word_1_91' title='bbox 699 1192 1015 1256; x_wconf 71' lang='lat' dir='ltr'><strong>gignentium‘2</strong></span> <span class='ocrx_word' id='word_1_92' title='bbox 1040 1202 1206 1240; x_wconf 80' lang='lat' dir='ltr'><strong>ventus</strong></span> <span class='ocrx_word' id='word_1_93' title='bbox 1230 1201 1431 1249; x_wconf 87' lang='lat' dir='ltr'><strong>coortus,</strong></span> <span class='ocrx_word' id='word_1_94' title='bbox 1451 1211 1639 1240; x_wconf 87' lang='lat' dir='ltr'><strong>arenam</strong></span> <span class='ocrx_word' id='word_1_95' title='bbox 1664 1195 1751 1240; x_wconf 93' lang='lat' dir='ltr'><strong>hu-</strong></span> 
     </span>
     <span class='ocr_line' id='line_1_13' title="bbox 261 1278 1752 1342; baseline 0.001 -18"><span class='ocrx_word' id='word_1_96' title='bbox 261 1295 338 1325; x_wconf 86' lang='lat' dir='ltr'><strong>mo</strong></span> <span class='ocrx_word' id='word_1_97' title='bbox 362 1278 591 1333; x_wconf 78' lang='lat' dir='ltr'><strong>excitavit,</strong></span> <span class='ocrx_word' id='word_1_98' title='bbox 619 1295 672 1325; x_wconf 89' lang='lat' dir='ltr'><strong>ea</strong></span> <span class='ocrx_word' id='word_1_99' title='bbox 694 1282 864 1341; x_wconf 67' lang='lat' dir='ltr'><strong>magna</strong></span> <span class='ocrx_word' id='word_1_100' title='bbox 886 1279 932 1325; x_wconf 76' lang='lat' dir='ltr'><strong>vi</strong></span> <span class='ocrx_word' id='word_1_101' title='bbox 955 1279 1146 1340; x_wconf 86' lang='lat' dir='ltr'><strong>agitata,</strong></span> <span class='ocrx_word' id='word_1_102' title='bbox 1172 1295 1253 1325; x_wconf 91' lang='lat' dir='ltr'><strong>ora</strong></span> <span class='ocrx_word' id='word_1_103' title='bbox 1282 1279 1535 1342; x_wconf 89' lang='lat' dir='ltr'><strong>oculosque</strong></span> <span class='ocrx_word' id='word_1_104' title='bbox 1558 1279 1752 1342; x_wconf 89' lang='lat' dir='ltr'><strong>implere</strong></span> 
     </span>
     <span class='ocr_line' id='line_1_14' title="bbox 261 1363 1750 1427; baseline 0.001 -18"><span class='ocrx_word' id='word_1_105' title='bbox 261 1364 406 1410; x_wconf 89' lang='lat' dir='ltr'><strong>solet:</strong></span> <span class='ocrx_word' id='word_1_106' title='bbox 444 1364 511 1410; x_wconf 89' lang='lat' dir='ltr'><strong>ita</strong></span> <span class='ocrx_word' id='word_1_107' title='bbox 545 1372 798 1425; x_wconf 85' lang='lat' dir='ltr'><strong>prospectu</strong></span> <span class='ocrx_word' id='word_1_108' title='bbox 832 1363 1074 1425; x_wconf 89' lang='lat' dir='ltr'><strong>impedito,</strong></span> <span class='ocrx_word' id='word_1_109' title='bbox 1112 1365 1285 1410; x_wconf 88' lang='lat' dir='ltr'><strong>morari</strong></span> <span class='ocrx_word' id='word_1_110' title='bbox 1317 1365 1422 1410; x_wconf 91' lang='lat' dir='ltr'><strong>iter.</strong></span> <span class='ocrx_word' id='word_1_111' title='bbox 1495 1365 1750 1427; x_wconf 87' lang='lat' dir='ltr'><strong>Postquam</strong></span> 
     </span>
     <span class='ocr_line' id='line_1_15' title="bbox 261 1451 1749 1514; baseline 0 -16"><span class='ocrx_word' id='word_1_112' title='bbox 261 1454 552 1514; x_wconf 72' lang='lat' dir='ltr'><strong>Cyrenenses</strong></span> <span class='ocrx_word' id='word_1_113' title='bbox 587 1452 825 1514; x_wconf 74' lang='lat' dir='ltr'><strong>aliquanto</strong></span> <span class='ocrx_word' id='word_1_114' title='bbox 865 1452 1146 1513; x_wconf 89' lang='lat' dir='ltr'><strong>posteriores</strong></span> <span class='ocrx_word' id='word_1_115' title='bbox 1182 1467 1230 1497; x_wconf 92' lang='lat' dir='ltr'><strong>se</strong></span> <span class='ocrx_word' id='word_1_116' title='bbox 1261 1451 1436 1507; x_wconf 85' lang='lat' dir='ltr'><strong>vident,</strong></span> <span class='ocrx_word' id='word_1_117' title='bbox 1476 1459 1522 1498; x_wconf 93' lang='lat' dir='ltr'><strong>et</strong></span> <span class='ocrx_word' id='word_1_118' title='bbox 1557 1453 1615 1498; x_wconf 93' lang='lat' dir='ltr'><strong>ob</strong></span> <span class='ocrx_word' id='word_1_119' title='bbox 1651 1467 1749 1498; x_wconf 87' lang='lat' dir='ltr'><strong>rem</strong></span> 
     </span>
     <span class='ocr_line' id='line_1_16' title="bbox 258 1536 1750 1600; baseline 0 -17"><span class='ocrx_word' id='word_1_120' title='bbox 258 1546 525 1600; x_wconf 85' lang='lat' dir='ltr'><strong>corruptam</strong></span> <span class='ocrx_word' id='word_1_121' title='bbox 558 1537 686 1583; x_wconf 86' lang='lat' dir='ltr'><strong>domi</strong></span> <span class='ocrx_word' id='word_1_122' title='bbox 719 1553 883 1599; x_wconf 89' lang='lat' dir='ltr'><strong>poenas</strong></span> <span class='ocrx_word' id='word_1_123' title='bbox 919 1545 1175 1592; x_wconf 81' lang='lat' dir='ltr'><strong>metuunt3</strong></span> <span class='ocrx_word' id='word_1_124' title='bbox 1219 1537 1470 1592; x_wconf 89' lang='lat' dir='ltr'><strong>criminari,</strong></span> <span class='ocrx_word' id='word_1_125' title='bbox 1504 1536 1750 1600; x_wconf 82' lang='lat' dir='ltr'><strong>Carthagi·</strong></span> 
     </span>
     <span class='ocr_line' id='line_1_17' title="bbox 257 1623 1746 1686; baseline 0 -17"><span class='ocrx_word' id='word_1_126' title='bbox 257 1624 440 1670; x_wconf 83' lang='lat' dir='ltr'><strong>nienses</strong></span> <span class='ocrx_word' id='word_1_127' title='bbox 476 1632 585 1670; x_wconf 90' lang='lat' dir='ltr'><strong>ante</strong></span> <span class='ocrx_word' id='word_1_128' title='bbox 614 1632 802 1686; x_wconf 88' lang='lat' dir='ltr'><strong>tempus</strong></span> <span class='ocrx_word' id='word_1_129' title='bbox 838 1623 978 1670; x_wconf 88' lang='lat' dir='ltr'><strong>domo</strong></span> <span class='ocrx_word' id='word_1_130' title='bbox 1014 1623 1264 1686; x_wconf 86' lang='lat' dir='ltr'><strong>digressos,</strong></span> <span class='ocrx_word' id='word_1_131' title='bbox 1303 1623 1579 1670; x_wconf 89' lang='lat' dir='ltr'><strong>conturbare</strong></span> <span class='ocrx_word' id='word_1_132' title='bbox 1614 1639 1746 1669; x_wconf 88' lang='lat' dir='ltr'><strong>rem:</strong></span> 
     </span>
     <span class='ocr_line' id='line_1_18' title="bbox 257 1707 1749 1771; baseline -0.001 -17"><span class='ocrx_word' id='word_1_133' title='bbox 257 1709 455 1771; x_wconf 88' lang='lat' dir='ltr'><strong>denique</strong></span> <span class='ocrx_word' id='word_1_134' title='bbox 479 1709 636 1755; x_wconf 85' lang='lat' dir='ltr'><strong>onmia</strong></span> <span class='ocrx_word' id='word_1_135' title='bbox 659 1708 809 1762; x_wconf 89' lang='lat' dir='ltr'><strong>malle,</strong></span> <span class='ocrx_word' id='word_1_136' title='bbox 839 1711 976 1770; x_wconf 75' lang='lat' dir='ltr'><strong>quam</strong></span> <span class='ocrx_word' id='word_1_137' title='bbox 1012 1708 1123 1754; x_wconf 72' lang='lat' dir='ltr'><strong>vieti</strong></span> <span class='ocrx_word' id='word_1_138' title='bbox 1157 1708 1298 1754; x_wconf 89' lang='lat' dir='ltr'><strong>abire.</strong></span> <span class='ocrx_word' id='word_1_139' title='bbox 1370 1707 1460 1754; x_wconf 88' lang='lat' dir='ltr'><strong>Sed</strong></span> <span class='ocrx_word' id='word_1_140' title='bbox 1484 1710 1588 1754; x_wconf 73' lang='lat' dir='ltr'><strong>enm</strong></span> <span class='ocrx_word' id='word_1_141' title='bbox 1615 1707 1749 1754; x_wconf 92' lang='lat' dir='ltr'><strong>Poeni</strong></span> 
     </span>
     <span class='ocr_line' id='line_1_19' title="bbox 254 1793 1749 1856; baseline 0.001 -17"><span class='ocrx_word' id='word_1_142' title='bbox 254 1794 390 1840; x_wconf 84' lang='lat' dir='ltr'><strong>aliam</strong></span> <span class='ocrx_word' id='word_1_143' title='bbox 417 1795 746 1849; x_wconf 82' lang='lat' dir='ltr'><strong>conditionem,</strong></span> <span class='ocrx_word' id='word_1_144' title='bbox 776 1793 1101 1840; x_wconf 77' lang='lat' dir='ltr'><strong>tantummodo</strong></span> <span class='ocrx_word' id='word_1_145' title='bbox 1119 1810 1316 1856; x_wconf 82' lang='lat' dir='ltr'><strong>aequam,</strong></span> <span class='ocrx_word' id='word_1_146' title='bbox 1343 1802 1568 1856; x_wconf 89' lang='lat' dir='ltr'><strong>peterent,</strong></span> <span class='ocrx_word' id='word_1_147' title='bbox 1594 1793 1749 1840; x_wconf 86' lang='lat' dir='ltr'><strong>Graeci</strong></span> 
     </span>
    </p>
   </div>
   <div class='ocr_carea' id='block_1_3' title="bbox 247 1987 1746 2807">
    <p class='ocr_par' dir='ltr' id='par_1_3' title="bbox 247 1987 1746 2807">
     <span class='ocr_line' id='line_1_20' title="bbox 305 1987 1746 2039; baseline -0.003 -13"><span class='ocrx_word' id='word_1_148' title='bbox 305 1990 319 2010; x_wconf 83' lang='lat'><strong>¹</strong></span> <span class='ocrx_word' id='word_1_149' title='bbox 335 1989 454 2026; x_wconf 72' lang='lat' dir='ltr'><strong>Nuda</strong></span> <span class='ocrx_word' id='word_1_150' title='bbox 471 1987 740 2039; x_wconf 65' lang='lat' dir='ltr'><strong>yiynetatium]</strong></span> <span class='ocrx_word' id='word_1_151' title='bbox 773 1990 803 2026; x_wconf 88' lang='lat' dir='ltr'>T</span> <span class='ocrx_word' id='word_1_152' title='bbox 807 1990 931 2026; x_wconf 86' lang='lat' dir='ltr'><strong>urneb.</strong></span> <span class='ocrx_word' id='word_1_153' title='bbox 966 1990 1006 2025; x_wconf 91' lang='lat' dir='ltr'><strong>in</strong></span> <span class='ocrx_word' id='word_1_154' title='bbox 1039 1990 1098 2025; x_wconf 86' lang='lat' dir='ltr'><strong>his</strong></span> <span class='ocrx_word' id='word_1_155' title='bbox 1117 1988 1330 2034; x_wconf 66' lang='lat' dir='ltr'><strong>Adversar„</strong></span> <span class='ocrx_word' id='word_1_156' title='bbox 1365 1988 1428 2024; x_wconf 90' lang='lat' dir='ltr'><strong>lib.</strong></span> <span class='ocrx_word' id='word_1_157' title='bbox 1452 1990 1486 2034; x_wconf 84' lang='lat'><strong>3,</strong></span> <span class='ocrx_word' id='word_1_158' title='bbox 1521 1999 1551 2023; x_wconf 89' lang='lat' dir='ltr'><strong>c.</strong></span> <span class='ocrx_word' id='word_1_159' title='bbox 1588 1988 1647 2032; x_wconf 86' lang='lat'><strong>15,</strong></span> <span class='ocrx_word' id='word_1_160' title='bbox 1678 1987 1746 2023; x_wconf 79' lang='lat' dir='ltr'><strong>has</strong></span> 
     </span>
     <span class='ocr_line' id='line_1_21' title="bbox 253 2052 1742 2105; baseline -0.005 -11"><span class='ocrx_word' id='word_1_161' title='bbox 253 2059 357 2094; x_wconf 84' lang='lat' dir='ltr'><strong>these</strong></span> <span class='ocrx_word' id='word_1_162' title='bbox 375 2057 507 2099; x_wconf 81' lang='lat' dir='ltr'><strong>words,</strong></span> <span class='ocrx_word' id='word_1_163' title='bbox 530 2055 638 2091; x_wconf 90' lang='lat' dir='ltr'><strong>Idem</strong></span> <span class='ocrx_word' id='word_1_164' title='bbox 660 2053 742 2105; x_wconf 88' lang='lat' dir='ltr'><strong>(np.</strong></span> <span class='ocrx_word' id='word_1_165' title='bbox 762 2052 878 2103; x_wconf 88' lang='lat' dir='ltr'><strong>Sall.)</strong></span> <span class='ocrx_word' id='word_1_166' title='bbox 896 2054 1095 2101; x_wconf 78' lang='lat' dir='ltr'><strong>yiynentia</strong></span> <span class='ocrx_word' id='word_1_167' title='bbox 1111 2054 1276 2100; x_wconf 78' lang='lat' dir='ltr'><strong>appellat</strong></span> <span class='ocrx_word' id='word_1_168' title='bbox 1294 2053 1444 2090; x_wconf 84' lang='lat' dir='ltr'><strong>insolito</strong></span> <span class='ocrx_word' id='word_1_169' title='bbox 1458 2054 1621 2101; x_wconf 89' lang='lat' dir='ltr'><strong>quodam</strong></span> <span class='ocrx_word' id='word_1_170' title='bbox 1631 2063 1742 2097; x_wconf 88' lang='lat' dir='ltr'><strong>more,</strong></span> 
     </span>
     <span class='ocr_line' id='line_1_22' title="bbox 252 2114 1745 2167; baseline -0.003 -11"><span class='ocrx_word' id='word_1_171' title='bbox 252 2133 325 2156; x_wconf 83' lang='lat' dir='ltr'><strong>non</strong></span> <span class='ocrx_word' id='word_1_172' title='bbox 346 2132 429 2167; x_wconf 84' lang='lat' dir='ltr'><strong>quae</strong></span> <span class='ocrx_word' id='word_1_173' title='bbox 445 2119 620 2166; x_wconf 69' lang='lat' dir='ltr'><strong>yiynunt,</strong></span> <span class='ocrx_word' id='word_1_174' title='bbox 640 2119 704 2154; x_wconf 89' lang='lat' dir='ltr'><strong>sed</strong></span> <span class='ocrx_word' id='word_1_175' title='bbox 723 2129 807 2165; x_wconf 85' lang='lat' dir='ltr'><strong>quae</strong></span> <span class='ocrx_word' id='word_1_176' title='bbox 825 2129 844 2154; x_wconf 91' lang='lat' dir='ltr'><strong>e</strong></span> <span class='ocrx_word' id='word_1_177' title='bbox 862 2125 961 2154; x_wconf 87' lang='lat' dir='ltr'><strong>terra</strong></span> <span class='ocrx_word' id='word_1_178' title='bbox 977 2118 1187 2165; x_wconf 69' lang='lat' dir='ltr'><strong>yiynuntar</strong></span> <span class='ocrx_word' id='word_1_179' title='bbox 1206 2118 1350 2163; x_wconf 78' lang='lat' dir='ltr'><strong>stirpes,</strong></span> <span class='ocrx_word' id='word_1_180' title='bbox 1372 2121 1409 2152; x_wconf 87' lang='lat' dir='ltr'><strong>et</strong></span> <span class='ocrx_word' id='word_1_181' title='bbox 1428 2117 1586 2152; x_wconf 82' lang='lat' dir='ltr'><strong>arbores.</strong></span> <span class='ocrx_word' id='word_1_182' title='bbox 1626 2114 1684 2151; x_wconf 85' lang='lat' dir='ltr'><strong>Ac</strong></span> <span class='ocrx_word' id='word_1_183' title='bbox 1699 2126 1745 2151; x_wconf 85' lang='lat' dir='ltr'><strong>ne</strong></span> 
     </span>
     <span class='ocr_line' id='line_1_23' title="bbox 253 2178 1742 2230; baseline -0.003 -12"><span class='ocrx_word' id='word_1_184' title='bbox 253 2185 334 2230; x_wconf 64' lang='lat' dir='ltr'><strong>quis</strong></span> <span class='ocrx_word' id='word_1_185' title='bbox 355 2182 466 2219; x_wconf 80' lang='lat' dir='ltr'><strong>semel</strong></span> <span class='ocrx_word' id='word_1_186' title='bbox 487 2181 593 2217; x_wconf 86' lang='lat' dir='ltr'><strong>illum</strong></span> <span class='ocrx_word' id='word_1_187' title='bbox 614 2182 667 2217; x_wconf 85' lang='lat' dir='ltr'><strong>ita</strong></span> <span class='ocrx_word' id='word_1_188' title='bbox 686 2181 885 2228; x_wconf 85' lang='lat' dir='ltr'><strong>loquutum</strong></span> <span class='ocrx_word' id='word_1_189' title='bbox 913 2186 1020 2227; x_wconf 85' lang='lat' dir='ltr'><strong>putet</strong></span> <span class='ocrx_word' id='word_1_190' title='bbox 1051 2186 1211 2225; x_wconf 83' lang='lat' dir='ltr'><strong>tantum,</strong></span> <span class='ocrx_word' id='word_1_191' title='bbox 1234 2179 1411 2225; x_wconf 79' lang='lat' dir='ltr'><strong>exempla</strong></span> <span class='ocrx_word' id='word_1_192' title='bbox 1440 2180 1514 2214; x_wconf 88' lang='lat' dir='ltr'><strong>duo</strong></span> <span class='ocrx_word' id='word_1_193' title='bbox 1546 2178 1742 2224; x_wconf 82' lang='lat' dir='ltr'><strong>proferam.</strong></span> 
     </span>
     <span class='ocr_line' id='line_1_24' title="bbox 256 2241 1745 2290; baseline -0.003 -10"><span class='ocrx_word' id='word_1_194' title='bbox 256 2246 357 2281; x_wconf 66' lang='lat' dir='ltr'><strong>Nam</strong></span> <span class='ocrx_word' id='word_1_195' title='bbox 380 2245 453 2289; x_wconf 80' lang='lat' dir='ltr'><strong>ubi,</strong></span> <span class='ocrx_word' id='word_1_196' title='bbox 475 2245 542 2280; x_wconf 68' lang='grc' dir='ltr'><strong>ἃς.</strong></span> <span class='ocrx_word' id='word_1_197' title='bbox 601 2244 754 2289; x_wconf 86' lang='lat' dir='ltr'><strong>Iterum,</strong></span> <span class='ocrx_word' id='word_1_198' title='bbox 776 2249 813 2280; x_wconf 89' lang='lat' dir='ltr'><strong>et</strong></span> <span class='ocrx_word' id='word_1_199' title='bbox 832 2244 926 2279; x_wconf 83' lang='lat' dir='ltr'><strong>forte.</strong></span> <span class='ocrx_word' id='word_1_200' title='bbox 944 2243 984 2278; x_wconf 87' lang='lat' dir='ltr'><strong>in</strong></span> <span class='ocrx_word' id='word_1_201' title='bbox 1003 2255 1044 2279; x_wconf 89' lang='lat' dir='ltr'><strong>eo</strong></span> <span class='ocrx_word' id='word_1_202' title='bbox 1064 2243 1143 2279; x_wconf 88' lang='lat' dir='ltr'><strong>loco</strong></span> <span class='ocrx_word' id='word_1_203' title='bbox 1163 2243 1317 2290; x_wconf 79' lang='lat' dir='ltr'><strong>grandis</strong></span> <span class='ocrx_word' id='word_1_204' title='bbox 1343 2242 1423 2278; x_wconf 81' lang='lat' dir='ltr'><strong>ilex</strong></span> <span class='ocrx_word' id='word_1_205' title='bbox 1442 2241 1629 2277; x_wconf 81' lang='lat' dir='ltr'><strong>coaluerat</strong></span> <span class='ocrx_word' id='word_1_206' title='bbox 1649 2241 1745 2277; x_wconf 84' lang='lat' dir='ltr'><strong>inter</strong></span> 
     </span>
     <span class='ocr_line' id='line_1_25' title="bbox 250 2304 1741 2355; baseline -0.003 -11"><span class='ocrx_word' id='word_1_207' title='bbox 250 2322 356 2350; x_wconf 72' lang='lat' dir='ltr'><strong>saxa,</strong></span> <span class='ocrx_word' id='word_1_208' title='bbox 379 2307 535 2355; x_wconf 79' lang='lat' dir='ltr'><strong>paulum</strong></span> <span class='ocrx_word' id='word_1_209' title='bbox 555 2308 664 2343; x_wconf 90' lang='lat' dir='ltr'><strong>modo</strong></span> <span class='ocrx_word' id='word_1_210' title='bbox 684 2318 812 2353; x_wconf 85' lang='lat' dir='ltr'><strong>prona,</strong></span> <span class='ocrx_word' id='word_1_211' title='bbox 833 2307 966 2342; x_wconf 83' lang='lat' dir='ltr'><strong>deinde</strong></span> <span class='ocrx_word' id='word_1_212' title='bbox 993 2306 1137 2342; x_wconf 71' lang='lat' dir='ltr'><strong>inflexa</strong></span> <span class='ocrx_word' id='word_1_213' title='bbox 1156 2313 1268 2353; x_wconf 85' lang='lat' dir='ltr'><strong>atque</strong></span> <span class='ocrx_word' id='word_1_214' title='bbox 1297 2310 1407 2341; x_wconf 84' lang='lat' dir='ltr'><strong>aucta</strong></span> <span class='ocrx_word' id='word_1_215' title='bbox 1426 2305 1463 2339; x_wconf 90' lang='lat' dir='ltr'><strong>in</strong></span> <span class='ocrx_word' id='word_1_216' title='bbox 1493 2304 1741 2349; x_wconf 82' lang='lat' dir='ltr'><strong>altitudinem,</strong></span> 
     </span>
     <span class='ocr_line' id='line_1_26' title="bbox 249 2367 1741 2421; baseline -0.006 -11"><span class='ocrx_word' id='word_1_217' title='bbox 249 2387 321 2421; x_wconf 86' lang='lat' dir='ltr'><strong>quo</strong></span> <span class='ocrx_word' id='word_1_218' title='bbox 341 2379 476 2410; x_wconf 77' lang='lat' dir='ltr'><strong>cuneta</strong></span> <span class='ocrx_word' id='word_1_219' title='bbox 490 2371 724 2420; x_wconf 74' lang='lat' dir='ltr'><strong>yiynentium</strong></span> <span class='ocrx_word' id='word_1_220' title='bbox 746 2376 881 2407; x_wconf 85' lang='lat' dir='ltr'><strong>natura</strong></span> <span class='ocrx_word' id='word_1_221' title='bbox 908 2371 991 2407; x_wconf 82' lang='lat' dir='ltr'><strong>fert.</strong></span> <span class='ocrx_word' id='word_1_222' title='bbox 1047 2370 1230 2417; x_wconf 80' lang='lat' dir='ltr'><strong>Apuleius</strong></span> <span class='ocrx_word' id='word_1_223' title='bbox 1260 2368 1427 2405; x_wconf 81' lang='lat' dir='ltr'><strong>Sallustii</strong></span> <span class='ocrx_word' id='word_1_224' title='bbox 1456 2367 1630 2413; x_wconf 74' lang='lat' dir='ltr'><strong>exemplo</strong></span> <span class='ocrx_word' id='word_1_225' title='bbox 1655 2369 1741 2415; x_wconf 63' lang='lat'><strong>959-</strong></span> 
     </span>
     <span class='ocr_line' id='line_1_27' title="bbox 247 2433 1742 2485; baseline -0.003 -11"><span class='ocrx_word' id='word_1_226' title='bbox 247 2440 377 2475; x_wconf 66' lang='lat' dir='ltr'><strong>nentia</strong></span> <span class='ocrx_word' id='word_1_227' title='bbox 412 2445 532 2483; x_wconf 77' lang='lat' dir='ltr'><strong>vocat,</strong></span> <span class='ocrx_word' id='word_1_228' title='bbox 568 2451 652 2485; x_wconf 85' lang='lat' dir='ltr'><strong>quae</strong></span> <span class='ocrx_word' id='word_1_229' title='bbox 685 2438 857 2474; x_wconf 83' lang='lat' dir='ltr'><strong>oriuntur</strong></span> <span class='ocrx_word' id='word_1_230' title='bbox 883 2442 1175 2483; x_wconf 78' lang='lat' dir='ltr'><strong>nascunturque,</strong></span> <span class='ocrx_word' id='word_1_231' title='bbox 1200 2437 1238 2471; x_wconf 90' lang='lat' dir='ltr'><strong>in</strong></span> <span class='ocrx_word' id='word_1_232' title='bbox 1269 2435 1363 2471; x_wconf 82' lang='lat' dir='ltr'><strong>li&#39;oro</strong></span> <span class='ocrx_word' id='word_1_233' title='bbox 1383 2435 1550 2481; x_wconf 80' lang='lat' dir='ltr'><strong>dogmat.</strong></span> <span class='ocrx_word' id='word_1_234' title='bbox 1573 2433 1742 2470; x_wconf 80' lang='lat' dir='ltr'><strong>Platonis</strong></span> 
     </span>
     <span class='ocr_line' id='line_1_28' title="bbox 249 2500 1741 2551; baseline -0.002 -12"><span class='ocrx_word' id='word_1_235' title='bbox 249 2506 304 2541; x_wconf 85' lang='lat' dir='ltr'><strong>his</strong></span> <span class='ocrx_word' id='word_1_236' title='bbox 324 2505 456 2548; x_wconf 79' lang='lat' dir='ltr'><strong>verbis,</strong></span> <span class='ocrx_word' id='word_1_237' title='bbox 474 2503 782 2551; x_wconf 74' lang='lat' dir='ltr'><strong>yiynentae‘umque</strong></span> <span class='ocrx_word' id='word_1_238' title='bbox 801 2502 970 2538; x_wconf 87' lang='lat' dir='ltr'><strong>omnium</strong></span> <span class='ocrx_word' id='word_1_239' title='bbox 986 2503 1103 2537; x_wconf 65' lang='lat' dir='ltr'><strong>instar</strong></span> <span class='ocrx_word' id='word_1_240' title='bbox 1122 2513 1224 2545; x_wconf 58' lang='lat' dir='ltr'><strong>cerae,</strong></span> <span class='ocrx_word' id='word_1_241' title='bbox 1240 2500 1379 2536; x_wconf 72' lang='lat' dir='ltr'><strong>formas</strong></span> <span class='ocrx_word' id='word_1_242' title='bbox 1393 2505 1429 2535; x_wconf 79' lang='lat' dir='ltr'><strong>et</strong></span> <span class='ocrx_word' id='word_1_243' title='bbox 1450 2500 1741 2547; x_wconf 67' lang='lat' dir='ltr'><strong>significationes</strong></span> 
     </span>
     <span class='ocr_line' id='line_1_29' title="bbox 248 2565 1737 2616; baseline -0.003 -10"><span class='ocrx_word' id='word_1_244' title='bbox 248 2584 299 2606; x_wconf 76' lang='lat' dir='ltr'><strong>ex</strong></span> <span class='ocrx_word' id='word_1_245' title='bbox 317 2571 381 2606; x_wconf 70' lang='lat' dir='ltr'><strong>illa</strong></span> <span class='ocrx_word' id='word_1_246' title='bbox 399 2569 658 2616; x_wconf 79' lang='lat' dir='ltr'><strong>exemplorum</strong></span> <span class='ocrx_word' id='word_1_247' title='bbox 691 2569 914 2615; x_wconf 84' lang='lat' dir='ltr'><strong>figuratione</strong></span> <span class='ocrx_word' id='word_1_248' title='bbox 947 2568 1098 2615; x_wconf 83' lang='lat' dir='ltr'><strong>signari.</strong></span> <span class='ocrx_word' id='word_1_249' title='bbox 1158 2566 1225 2603; x_wconf 83' lang='lat' dir='ltr'><strong>See</strong></span> <span class='ocrx_word' id='word_1_250' title='bbox 1255 2566 1333 2602; x_wconf 79' lang='lat' dir='ltr'><strong>also</strong></span> <span class='ocrx_word' id='word_1_251' title='bbox 1354 2566 1521 2601; x_wconf 81' lang='lat' dir='ltr'><strong>Perizon.</strong></span> <span class='ocrx_word' id='word_1_252' title='bbox 1543 2577 1590 2601; x_wconf 91' lang='lat' dir='ltr'><strong>on</strong></span> <span class='ocrx_word' id='word_1_253' title='bbox 1611 2565 1737 2602; x_wconf 82' lang='lat' dir='ltr'><strong>Sanct.</strong></span> 
     </span>
     <span class='ocr_line' id='line_1_30' title="bbox 248 2630 1736 2678; baseline -0.003 -9"><span class='ocrx_word' id='word_1_254' title='bbox 248 2634 420 2675; x_wconf 84' lang='lat' dir='ltr'><strong>Minerv.,</strong></span> <span class='ocrx_word' id='word_1_255' title='bbox 460 2635 491 2678; x_wconf 91' lang='lat'><strong>1,</strong></span> <span class='ocrx_word' id='word_1_256' title='bbox 526 2634 584 2676; x_wconf 79' lang='lat'><strong>15,</strong></span> <span class='ocrx_word' id='word_1_257' title='bbox 607 2644 642 2677; x_wconf 89' lang='lat' dir='ltr'><strong>p.</strong></span> <span class='ocrx_word' id='word_1_258' title='bbox 682 2633 782 2677; x_wconf 77' lang='lat'><strong>1223</strong></span> <span class='ocrx_word' id='word_1_259' title='bbox 813 2633 887 2668; x_wconf 85' lang='lat' dir='ltr'><strong>and</strong></span> <span class='ocrx_word' id='word_1_260' title='bbox 909 2632 1052 2668; x_wconf 86' lang='lat' dir='ltr'><strong>Schott.</strong></span> <span class='ocrx_word' id='word_1_261' title='bbox 1078 2632 1235 2668; x_wconf 67' lang='lat' dir='ltr'><strong>observ.</strong></span> <span class='ocrx_word' id='word_1_262' title='bbox 1259 2633 1293 2674; x_wconf 84' lang='lat'><strong>3,</strong></span> <span class='ocrx_word' id='word_1_263' title='bbox 1317 2632 1379 2675; x_wconf 77' lang='lat'><strong>40,</strong></span> <span class='ocrx_word' id='word_1_264' title='bbox 1403 2630 1528 2665; x_wconf 80' lang='lat' dir='ltr'><strong>whom</strong></span> <span class='ocrx_word' id='word_1_265' title='bbox 1561 2630 1607 2665; x_wconf 89' lang='lat' dir='ltr'><strong>he</strong></span> <span class='ocrx_word' id='word_1_266' title='bbox 1635 2630 1736 2666; x_wconf 80' lang='lat' dir='ltr'><strong>cites.</strong></span> 
     </span>
     <span class='ocr_line' id='line_1_31' title="bbox 250 2695 1738 2742; baseline -0.002 -8"><span class='ocrx_word' id='word_1_267' title='bbox 250 2698 419 2734; x_wconf 82' lang='lat' dir='ltr'><strong>Kritzius</strong></span> <span class='ocrx_word' id='word_1_268' title='bbox 440 2697 508 2732; x_wconf 76' lang='lat' dir='ltr'><strong>has·</strong></span> <span class='ocrx_word' id='word_1_269' title='bbox 528 2698 634 2732; x_wconf 86' lang='lat' dir='ltr'><strong>made</strong></span> <span class='ocrx_word' id='word_1_270' title='bbox 654 2708 701 2732; x_wconf 92' lang='lat' dir='ltr'><strong>no</strong></span> <span class='ocrx_word' id='word_1_271' title='bbox 721 2697 887 2732; x_wconf 84' lang='lat' dir='ltr'><strong>mention</strong></span> <span class='ocrx_word' id='word_1_272' title='bbox 919 2697 961 2732; x_wconf 88' lang='lat' dir='ltr'><strong>of</strong></span> <span class='ocrx_word' id='word_1_273' title='bbox 976 2698 1078 2732; x_wconf 65' lang='lat' dir='ltr'><strong>these</strong></span> <span class='ocrx_word' id='word_1_274' title='bbox 1098 2698 1200 2732; x_wconf 84' lang='lat' dir='ltr'><strong>three</strong></span> <span class='ocrx_word' id='word_1_275' title='bbox 1230 2695 1503 2742; x_wconf 81' lang='lat' dir='ltr'><strong>distinguished</strong></span> <span class='ocrx_word' id='word_1_276' title='bbox 1536 2706 1632 2740; x_wconf 84' lang='lat' dir='ltr'><strong>men,</strong></span> <span class='ocrx_word' id='word_1_277' title='bbox 1663 2696 1738 2731; x_wconf 88' lang='lat' dir='ltr'><strong>and</strong></span> 
     </span>
     <span class='ocr_line' id='line_1_32' title="bbox 248 2757 1389 2807; baseline -0.003 -11"><span class='ocrx_word' id='word_1_278' title='bbox 248 2762 306 2797; x_wconf 72' lang='lat' dir='ltr'><strong>his</strong></span> <span class='ocrx_word' id='word_1_279' title='bbox 325 2761 415 2807; x_wconf 79' lang='lat' dir='ltr'><strong>long</strong></span> <span class='ocrx_word' id='word_1_280' title='bbox 435 2766 519 2795; x_wconf 85' lang='lat' dir='ltr'><strong>note</strong></span> <span class='ocrx_word' id='word_1_281' title='bbox 539 2760 569 2795; x_wconf 81' lang='lat' dir='ltr'><strong>is</strong></span> <span class='ocrx_word' id='word_1_282' title='bbox 589 2759 722 2806; x_wconf 81' lang='lat' dir='ltr'><strong>chiefly</strong></span> <span class='ocrx_word' id='word_1_283' title='bbox 742 2760 856 2796; x_wconf 81' lang='lat' dir='ltr'><strong>taken</strong></span> <span class='ocrx_word' id='word_1_284' title='bbox 873 2760 969 2795; x_wconf 85' lang='lat' dir='ltr'><strong>from</strong></span> <span class='ocrx_word' id='word_1_285' title='bbox 990 2761 1053 2796; x_wconf 84' lang='lat' dir='ltr'><strong>the</strong></span> <span class='ocrx_word' id='word_1_286' title='bbox 1074 2767 1148 2795; x_wconf 76' lang='lat' dir='ltr'><strong>two</strong></span> <span class='ocrx_word' id='word_1_287' title='bbox 1167 2757 1389 2795; x_wconf 58' lang='lat' dir='ltr'><strong>hatten—C.</strong></span> 
     </span>
    </p>
   </div>
  </div>
 </body>
</html>
