1889 3191
334 243 408 278 120
705 238 982 278 SALLUSTII
1009 234 1426 275 JUGURTHINUM.

328 364 548 412 aeternus,
576 363 728 403 rector
743 354 939 401 humani
958 353 1154 416 generis,
1173 353 1270 414 agit
1288 358 1426 414 atque
1444 349 1587 395 habet
1609 347 1813 402 cuncta,²

327 458 476 504 neque
511 441 612 503 ipse
644 440 858 485 habetur.
927 438 1031 491 Quo
1067 436 1215 497 magis
1240 435 1446 495 pravitas
1481 449 1641 480 eorum
1667 431 1813 477 admi-

327 525 474 572 randa
497 531 581 579 est,
611 525 690 586 qui
715 523 861 569 dediti
896 521 1101 582 corporis
1139 519 1337 580 gaudiis,
1366 535 1450 580 per
1471 518 1635 563 luxum
1676 522 1814 578 atque

325 609 558 671 ignaviam
583 615 771 654 aetatem
797 612 970 667 agunt3
1009 603 1232 650 caeterum
1266 603 1521 664 ingenium,
1549 618 1641 664 quo
1665 616 1814 662 neque

327 694 509 747 melius,
537 708 686 754 neque
711 690 911 752 amplius
935 688 1062 734 aliud
1084 689 1133 733 in
1156 686 1324 732 naturai
1342 687 1610 733 mortalium
1635 692 1719 740 est,
1746 685 1815 730 in-

326 778 456 824 cultu
479 782 617 838 atque
653 774 862 820 socordia
887 781 1148 835 torpescere
1184 771 1346 817 sinunt
1369 790 1378 816 ε
1418 769 1524 817 cum
1553 769 1813 833 praesertim

327 870 424 907 tam
443 859 606 906 multae
630 859 860 920 variaeque
878 857 971 903 sint
995 864 1118 902 artes
1143 856 1299 910 animi,
1323 855 1492 918 quibus
1517 871 1700 901 summa
1723 854 1815 900 cla-

327 946 484 992 ritudo
508 952 713 1007 paratur.

393 1032 490 1077 III.
528 1029 705 1076 Verum
730 1045 784 1075 ex
809 1029 884 1074 his
918 1028 1222 1090 magistratus
1258 1034 1304 1074 et
1339 1027 1548 1090 imperia,
1577 1029 1813 1089 postremo

324 1116 478 1162 omnis
502 1131 612 1161 cura
635 1130 789 1160 rerum
824 1114 1130 1176 publicarum,
1172 1114 1378 1158 minume
1422 1113 1540 1159 mi'ni
1575 1113 1664 1158 hfic
1698 1119 1816 1158 tem-

326 1205 509 1261 pestate
533 1197 769 1259 cupiunda
791 1196 1036 1241 videntur:
1064 1196 1283 1258 quoniam
1308 1212 1456 1257 neque
1479 1195 1642 1240 virtuti
1668 1195 1816 1240 honos

328 1285 497 1338 datur3
534 1299 682 1344 neque
707 1282 787 1336 illi,
817 1282 987 1344 quibus
1011 1297 1094 1342 per
1129 1280 1339 1326 fraudem
1357 1280 1436 1341 jus
1471 1279 1575 1329 fuit,
1604 1279 1708 1333 tuti,
1737 1284 1816 1323 aut

329 1371 379 1416 εδ
404 1369 552 1431 magis
575 1367 760 1413 honesti
785 1372 910 1411 suut.
984 1366 1107 1410 Nam
1136 1365 1178 1410 vi
1204 1364 1390 1426 quidem
1415 1380 1573 1426 regere
1596 1364 1812 1425 patriam,

327 1462 408 1503 aut
431 1452 679 1517 parentes,¹
716 1468 996 1515 quamquam
1034 1460 1079 1496 et
1104 1451 1270 1512 possis,
1312 1456 1358 1496 et
1393 1445 1810 1510 delicta‘eorrigas,

326 1628 415 1664 cites
435 1626 509 1663 this
529 1630 698 1662 sentence
715 1624 812 1659 from
834 1623 986 1666 Sallust,
1009 1622 1229 1668 confessing,
1250 1621 1432 1665 however,
1454 1621 1539 1656 that
1557 1620 1661 1655 there
1670 1619 1703 1655 is
1716 1629 1817 1655 some

326 1690 576 1738 signification
605 1688 646 1723 of
667 1687 791 1722 future
823 1687 862 1721 in
889 1687 993 1721 these
1012 1686 1133 1721 words
1147 1685 1259 1720 :—In
1289 1684 1423 1731 quibus
1445 1682 1658 1733 (continues
1684 1681 1752 1731 he)
1775 1692 1817 1718 eo

325 1753 407 1799 ipso
426 1752 524 1799 quod
540 1751 675 1786 dicitur
693 1750 836 1795 aliquid
856 1759 1049 1794 nunquam
1069 1747 1130 1783 vel
1149 1759 1222 1782 uon
1242 1744 1381 1782 temere
1410 1746 1563 1790 sactum,
1585 1745 1817 1792 significatur

327 1816 439 1852 simul
457 1827 533 1851 non
552 1815 676 1854 solere,
699 1814 760 1849 vel
780 1825 853 1848 non
882 1814 1012 1848 debere
1042 1813 1141 1855 fieri;
1164 1823 1205 1847 as
1232 1812 1269 1846 iu
1291 1810 1512 1856 illaudatus,
1536 1810 1737 1856 explained
1763 1810 1815 1856 by

329 1880 482 1924 Gellius,
505 1880 579 1914 and
598 1879 634 1913 in
656 1884 740 1913 orta
762 1878 835 1912 and
855 1881 969 1912 aneta
991 1877 1076 1911 here
1096 1877 1132 1910 in
1153 1874 1406 1912 Sallust—C.

380 1944 396 1966 ²
425 1945 517 1992 Ayit
554 1950 667 1991 atque
705 1943 817 1978 habet
855 1939 1026 1989 cuncta]
1071 1941 1165 1988 Ayit
1192 1946 1247 1977 est
1274 1941 1382 1986 regit,
1421 1940 1584 1987 disponit
1611 1932 1736 1976 omnia
1763 1950 1813 1975 ex

328 2024 395 2048 suo
415 2009 578 2046 arbitrio.
637 2007 769 2042 Habet
801 2011 856 2041 est
889 2006 1060 2052 possidet,
1096 2006 1209 2040 habet
1240 2005 1278 2040 in
1298 2010 1492 2050 potestate.
1550 2004 1662 2041 Ovid.
1692 2003 1817 2040 Meta-

330 2087 447 2122 morp.
470 2075 492 2110 i.
514 2086 551 2109 v.
578 2074 650 2109 197
669 2086 731 2107 :—-

529 2149 551 2166 “
569 2145 666 2184 Chm
687 2145 789 2189 mihi,
811 2145 875 2191 qui
894 2144 1048 2189 fulmen,
1070 2144 1134 2191 qui
1153 2155 1221 2179 vos
1239 2144 1433 2190 habeoque
1452 2155 1622 2191 regoque,

573 2211 764 2248 Struxerit
784 2208 970 2245 insidiasJ’

384 2291 458 2328 ΙΙΙ.
480 2288 492 2310 ¹
515 2289 595 2324 Aut
608 2284 823 2335 parentes]
845 2285 1016 2332 Iutellige
1036 2286 1265 2333 quiparent,
1284 2285 1471 2329 obediunt,
1491 2285 1526 2320 h.
1544 2298 1573 2320 e.
1589 2296 1682 2331 quos
1696 2285 1815 2333 vulgo

329 2357 500 2394 subditos
519 2351 778 2389 vocant—M.

385 2420 489 2455 Nam
510 2418 546 2455 vi
566 2417 713 2466 quidem
734 2426 860 2461 regere
874 2413 1059 2460 patriam,
1081 2419 1149 2448 ant
1163 2418 1355 2460 parentes,
1377 2412 1465 2462 δια]
1499 2413 1607 2450 Peter
1626 2413 1816 2450 Victorius

327 2485 449 2520 shows
466 2483 506 2518 in
524 2483 587 2518 the
607 2479 737 2526 eighth
758 2478 854 2513 hook
873 2477 915 2512 of
932 2478 987 2512 his
1007 2476 1097 2512 Var.
1122 2477 1221 2512 Lect.
1243 2488 1272 2512 c.
1296 2478 1357 2520 21,
1379 2477 1462 2512 that
1485 2476 1627 2513 Sallust
1642 2477 1710 2513 has
1729 2477 1815 2512 imi-

328 2549 433 2584 tated
451 2547 561 2583 Plato
580 2547 617 2581 in
639 2545 695 2578 his
715 2542 857 2588 Epistle
877 2546 916 2577 to
936 2541 1066 2577 Dion’s
1086 2541 1287 2576 Relations.
1327 2541 1406 2576 The
1422 2542 1543 2577 words
1562 2541 1603 2578 of
1613 2542 1677 2577 the
1693 2541 1815 2578 Greek

328 2611 564 2657 philosopher
583 2621 655 2653 are,
688 2607 773 2649 βίαν
802 2603 835 2642 δὲ
868 2603 1018 2657 πατρίδι
1050 2605 1239 2645 πολιτείαις
1275 2607 1486 2649 αεταβολῖὶς
1513 2605 1566 2653 μὴ
1599 2613 1813 2658 προσ-φερειν,

325 2676 413 2712 ὅταν
433 2690 514 2711 ανευ
534 2675 669 2723 φυγῶν,
691 2675 756 2710 καὶ
778 2674 924 2721 σφαγῆς
946 2671 1073 2725 ανδξῶν
1100 2673 1152 2720 μ’),
1182 2670 1327 2709 Eume-ov
1348 2672 1370 2724 ᾗ
1389 2674 1547 2721 γίνεσθαι
1568 2673 1632 2712 τὴν
1652 2673 1812 2725 αξῖσ-τκν.

328 2739 430 2776 Nam
449 2740 548 2786 quod
567 2739 615 2774 ad
643 2745 812 2784 parentes
840 2738 1009 2784 pertinet,
1032 2749 1120 2784 says
1141 2737 1339 2783 Victorius,
1370 2744 1480 2773 antea
1507 2739 1727 2784 explicarat,
1752 2739 1814 2774 ubi
