1889 3191
232 211 252 246 2
261 210 307 247 72
614 208 891 248 SALLUSTII
918 207 946 246 J
947 208 1336 248 UGURTHINUM.

229 341 339 372 nam
363 324 586 373 Metellus
608 334 910 390 conspectum
934 327 1077 374 Marii
1109 327 1293 389 fugerat
1312 347 1323 381 ;
1362 327 1419 372 ne
1442 324 1617 372 videret
1640 340 1708 379 ea,

230 426 337 472 quae
359 409 519 458 audita
539 410 724 458 animus
746 412 942 459 tolerare
966 411 1251 474 nequiverat.

296 495 599 542 LXXXVII.
633 495 726 543 Sed
748 496 939 551 Consul,
968 495 1166 557 expletis
1198 495 1474 557 legionibus,
1513 493 1714 541 cohorti-

230 581 410 644 busque
433 580 722 635 auxiliariis‚¹
742 580 794 626 in
816 597 982 642 agrum
1005 580 1207 627 fertilem
1231 586 1277 627 et
1306 580 1468 642 praeda
1490 585 1712 626 onustum

229 665 555 728 proficiscitur.
583 664 740 711 omnia
761 664 827 711 ibi
862 671 999 727 capta
1032 664 1260 710 militibus
1296 663 1457 711 donat.
1485 664 1593 712 dein
1615 680 1712 712 cas-

229 750 341 797 tella
363 756 408 796 et
431 749 605 812 oppida
627 750 807 805 natura,
827 756 873 796 et
895 749 1007 796 viris
1030 749 1196 812 parum
1212 749 1395 796 munita
1411 750 1682 813 adgreditur
1700 772 1710 798 :

229 834 391 898 praelia
412 835 575 890 multa,
602 837 824 882 caeterum
847 835 980 890 levia,
1001 835 1092 881 alia
1114 834 1217 881 aliis
1239 833 1375 882 locis2
1398 835 1564 883 facere.
1635 838 1714 884 In-

228 921 366 968 terim
389 920 497 967 novi
519 920 692 967 milites
733 921 832 967 sine
872 927 1003 967 metu
1040 936 1214 983 pugnae
1239 920 1400 969 adesse
1419 939 1429 967 :
1467 921 1621 969 videre
1643 921 1715 968 fu-

230 1003 401 1066 gientis
424 1003 541 1066 capi,
566 1002 714 1050 occidi
733 1024 745 1059 ;
771 1003 1097 1050 fortissumum
1121 1018 1351 1066 quemque
1374 1003 1681 1051 tutissumum
1701 1023 1711 1051 :

231 1089 372 1136 armis
395 1089 672 1145 libertatem,
695 1089 895 1151 patriam
913 1095 1221 1152 parentesque
1236 1096 1283 1136 et
1306 1089 1398 1136 alia
1414 1090 1571 1137 omnia
1588 1090 1711 1154 tegi:

230 1175 426 1238 gloriam
450 1181 588 1238 atque
612 1174 796 1221 divitias
830 1175 994 1239 quaeri.
1066 1175 1140 1221 Sic
1173 1174 1302 1221 brevi
1326 1174 1477 1237 spatio
1511 1176 1618 1222 novi
1641 1192 1715 1222 ve-

229 1266 444 1320 teresque
467 1258 688 1313 coaluere,
717 1264 764 1304 et
785 1257 934 1304 virtus
975 1258 1184 1304 omnium
1208 1258 1402 1321 aequalis
1440 1257 1577 1305 facta.
1650 1259 1714 1305 At

231 1343 398 1405 Reges,
438 1342 520 1388 ubi
561 1342 617 1388 de
654 1342 858 1389 adventu
899 1342 1042 1388 Marii
1086 1350 1419 1404 cognoverunt,
1458 1343 1632 1390 divorsi
1665 1344 1715 1389 in

229 1429 355 1475 locos
380 1427 580 1474 difficilis
603 1427 792 1474 abeunt.
842 1426 916 1473 Ita
933 1427 965 1475 J
967 1427 1186 1489 ugurthae
1209 1427 1461 1489 placuerat,
1491 1429 1713 1489 speranti,

230 1530 338 1561 mox
363 1513 534 1560 effusos
568 1512 720 1559 hostis
755 1512 911 1558 invadi
936 1529 1074 1573 posse
1088 1512 1128 1565 ;³
1154 1513 1407 1567 Romanos,
1447 1513 1582 1560 sicuti
1617 1513 1716 1576 ple-

230 1616 412 1661 rosque,
439 1607 617 1645 remoto
643 1606 785 1654 metu,
812 1599 962 1645 laxihs
986 1598 1294 1661 licentiusque
1318 1598 1517 1646 futuros.

297 1681 629 1728 LXXXVIII.
668 1681 891 1728 Metellus
914 1682 1090 1728 interea
1109 1680 1308 1727 Romam
1332 1680 1584 1742 profectus,
1611 1698 1718 1729 con-

230 1774 304 1814 tra
326 1783 457 1829 spem
482 1782 628 1821 suam,
656 1764 928 1812 laetissumis
943 1765 1110 1812 animis
1129 1764 1357 1828 excipitur
1373 1766 1402 1812 :¹
1427 1766 1550 1828 plebi
1572 1768 1716 1830 patri-

287 1897 533 1934 LXXXVII.
556 1893 568 1917 ¹
596 1896 895 1945 Cohortibusque
914 1896 1173 1947 auxiliariis]
1197 1897 1267 1935 Cui
1287 1897 1384 1934 bono
1402 1897 1462 1934 hic
1481 1898 1650 1935 additum
1670 1899 1719 1934 sit

231 1960 450 2008 auxiliariis,
471 1961 635 1998 multum
652 1960 872 2008 inquirendo
899 1971 975 1997 non
1001 1961 1172 2007 reperias.
1229 1960 1330 1997 Nam
1349 1959 1436 1997 cnm
1464 1961 1632 1998 cohortes
1651 1962 1718 1998 ad-

227 2026 443 2073 junguntur
460 2025 679 2073 legionibus,
702 2035 847 2072 semper
865 2023 1075 2061 auxiliariae
1093 2023 1477 2072 intelliguntur.—-M.

285 2086 299 2108 ³
325 2089 506 2127 Caeterzim
527 2088 636 2134 levia,
657 2087 738 2124 alia
767 2087 857 2123 aliis
885 2086 1012 2137 locis]
1044 2088 1089 2123 In
1109 2092 1208 2125 most
1235 2088 1366 2135 copies,
1388 2089 1463 2124 and
1481 2088 1521 2124 in
1541 2087 1719 2126 Cortius’s

231 2156 370 2192 edition
389 2160 460 2201 too,
482 2155 546 2192 the
564 2154 721 2201 reading
739 2153 780 2199 is,
804 2151 992 2191 Caeterum
1011 2152 1086 2189 alia
1104 2153 1212 2198 levia,
1235 2153 1317 2189 aliis
1336 2153 1425 2190 locis
1442 2167 1449 2189 :
1472 2155 1540 2190 but
1558 2154 1598 2190 in
1617 2166 1719 2191 com-

231 2220 375 2267 pliance
394 2220 488 2255 with
506 2220 610 2255 what
623 2217 774 2256 Cortius
793 2217 1135 2264 himselfobserves,
1154 2217 1174 2253 I
1189 2217 1286 2254 have
1301 2218 1471 2265 changed
1486 2217 1582 2254 their
1600 2219 1716 2255 order.

233 2285 306 2320 His
324 2285 447 2320 words
465 2295 536 2329 are,
558 2282 666 2319 Nihil
692 2282 817 2318 verius
845 2293 969 2330 quam,
991 2282 1090 2329 quod
1110 2281 1329 2319 ciacconius
1357 2283 1471 2318 etiam
1498 2281 1605 2328 vidit,
1628 2283 1718 2318 scri·

232 2349 395 2385 bendum
415 2359 515 2384 esse:
545 2345 728 2383 caeturiim
746 2347 854 2393 levia,
877 2346 951 2382 alia
968 2346 1050 2382 aliis
1067 2346 1157 2383 locis
1174 2345 1416 2382 facere—M.

286 2412 302 2435 ¹
323 2412 465 2449 Invadi
477 2409 626 2460 posse]
660 2411 844 2458 Speranti,
865 2422 959 2447 mox
978 2411 1113 2448 effusos
1141 2411 1259 2447 hostis
1291 2411 1431 2456 invadi,
1452 2410 1588 2448 refecto
1606 2412 1720 2448 verbo

233 2492 348 2528 posse,
371 2480 546 2526 Crispum
574 2477 762 2524 scripsisse
789 2477 988 2514 existimo:
1017 2488 1107 2513 nam
1125 2475 1219 2512 illud
1245 2487 1351 2523 posse
1378 2477 1498 2523 ipsam
1526 2487 1628 2523 spem
1648 2476 1721 2513 Ju-

234 2548 381 2595 gurthae
410 2555 643 2592 corrumpere
670 2545 830 2581 videtur.
889 2543 950 2581 Sic
982 2554 1134 2590 sperans
1161 2543 1301 2588 invadi,
1332 2546 1374 2580 ut
1394 2543 1476 2579 Liv.
1499 2544 1560 2588 32,
1582 2554 1661 2590 cap.
1684 2544 1718 2588 2,

236 2613 309 2650 His
327 2611 440 2658 copiis
458 2612 512 2647 ita
543 2610 714 2656 dimissis,
736 2606 779 2646 eo
799 2606 981 2646 intentius
1001 2609 1191 2645 Romanas
1224 2609 1388 2656 undique
1405 2609 1523 2646 instat
1541 2608 1623 2656 capi
1643 2612 1721 2645 sta-

234 2678 373 2721 tiones;
393 2675 419 2711 i.
441 2687 470 2710 e.
490 2678 533 2710 ut
552 2673 757 2720 capiantur.
814 2672 978 2721 sperans
995 2676 1039 2708 ut
1056 2672 1407 2709 invadantur.-—M.

289 2739 558 2778 LXXXVIII.
581 2736 592 2759 ¹
614 2738 851 2774 Laetissumis
870 2738 1009 2774 animis
1028 2735 1254 2786 excipitur]
1277 2737 1338 2774 He
1352 2747 1430 2774 was
1443 2740 1511 2773 not
1525 2736 1615 2785 only
1629 2737 1719 2785 joy-
