1889 3191
272 235 344 271 100
724 236 1000 275 SALLUSTII
1029 236 1294 276 CATILINA.

268 350 455 414 publica
476 351 770 401 habuissent.
826 354 1084 410 Postremo,
1114 355 1277 402 Patres
1299 355 1565 419 conscripti,
1594 355 1634 402 si
1656 371 1751 403 me-

269 437 458 485 hercule
492 447 681 501 peccato
711 439 841 486 locus
876 448 1011 496 esset,
1055 440 1186 487 facile
1221 448 1419 504 paterer,
1455 458 1538 488 vos
1574 441 1676 504 ipsa
1702 457 1752 488 re

269 523 452 586 corrigi,
491 524 711 586 quoniam
744 525 884 571 verba
917 526 1232 572 contemnitis.
1302 526 1394 573 Sed
1428 526 1633 589 undique
1667 526 1754 572 cir·

270 609 505 655 cumventi
531 625 708 655 sumus·
776 609 979 656 Catilina
1001 624 1108 656 cum
1133 611 1338 658 exercitu
1360 611 1572 658 faucibus
1587 618 1749 674 urget:

273 694 351 740 alii
374 695 498 740 intra
519 695 707 749 moenia,
735 703 874 757 atque
897 695 946 740 in
971 695 1076 741 sinu
1102 695 1231 742 urbis
1257 704 1368 742 sunt
1389 696 1579 743 hostes:
1604 712 1754 758 neque

274 779 440 842 parari,
462 796 609 841 neque
626 780 806 826 consuli
822 780 1074 843 quidquam
1093 781 1273 827 occulte
1290 787 1474 842 potest:
1500 797 1592 843 quo
1607 781 1755 843 magis

273 865 635 927 properandum.
707 866 863 920 Quare
886 865 952 911 ita
975 882 1061 928 ego
1084 882 1277 912 censeo:
1305 865 1426 913 Cum
1449 864 1627 912 nefario
1650 880 1759 912 con-

273 949 376 996 silio
402 949 729 997 sceleratorum
754 950 924 997 civium
960 951 1223 1013 respublica
1243 950 1293 996 in
1317 965 1535 997 maxuma
1556 950 1761 1013 pericula

275 1035 466 1091 venerit,
494 1035 636 1099 hique
659 1035 831 1082 indicio
854 1036 912 1082 Τ.
931 1036 1175 1092 Volturcii,
1202 1043 1247 1082 et
1271 1036 1530 1099 legatorum
1546 1035 1760 1082 Allobro·-

275 1137 387 1183 gum
428 1121 642 1177 convicti,
682 1121 972 1184 confessique
1013 1121 1120 1176 sint,
1159 1121 1352 1177 caedem,
1401 1120 1631 1176 incendia,
1670 1120 1760 1167 alia

276 1205 402 1253 foecla
425 1214 563 1269 atque
599 1206 803 1253 crudelia
835 1206 1041 1253 facinora
1074 1207 1124 1252 in
1158 1206 1269 1253 civis
1306 1207 1596 1269 patriamque
1630 1221 1763 1268 para-

278 1291 400 1338 visse
418 1313 429 1347 3
457 1291 513 1338 de
531 1292 769 1347 confessis,
798 1291 936 1338 sicuti
950 1292 1007 1338 de
1024 1291 1285 1339 manifestis
1301 1308 1455 1338 rerum
1474 1291 1758 1355 capitalium,

281 1394 410 1425 more
433 1378 678 1441 majorum,
708 1378 988 1440 supplicium
1014 1378 1347 1425 sumendum.'’

348 1463 490 1509 LIII.
530 1463 785 1527 Postquam
833 1463 951 1511 Cato
997 1463 1211 1519 adsedit;
1272 1463 1539 1511 consulares
1584 1479 1762 1519 omnes,

281 1550 486 1613 itemque
527 1551 714 1598 senatus
754 1567 924 1614 magna
958 1568 1066 1615 pars
1102 1552 1382 1599 sententiam
1422 1551 1521 1616 ejus
1554 1551 1787 1609 laudant,

283 1635 503 1682 virtutem
528 1636 672 1683 animi
707 1637 766 1683 ad
800 1637 969 1684 coelum
994 1637 1178 1693 serunt;
1220 1638 1301 1685 alii
1335 1638 1450 1685 alios
1473 1638 1766 1701 increpantes

281 1720 476 1768 timidos
499 1729 666 1769 vocant
688 1741 697 1768 :
737 1722 855 1769 Cato
879 1740 1079 1785 magnus
1103 1731 1242 1786 atque
1266 1723 1417 1770 clarus
1440 1723 1668 1771 habetur:
1696 1740 1767 1771 se-

281 1807 380 1853 nati
407 1806 644 1854 decretum
668 1809 736 1863 fit,
764 1808 901 1854 sicuti
924 1808 1000 1854 ille
1025 1815 1284 1855 censuerat.
1355 1809 1449 1856 Sed
1478 1809 1597 1855 mihi
1621 1809 1770 1856 multa

281 1892 468 1955 legenti,
493 1893 643 1940 multa
665 1893 887 1949 audienti,
917 1911 1021 1957 quae
1048 1894 1247 1957 populus
1267 1895 1509 1941 Romanus
1534 1894 1662 1942 domi
1685 1896 1770 1942 mi-

285 1978 505 2042 litiaeque,
532 1979 651 2026 mari
675 1987 813 2042 atque
838 1980 973 2035 terra,
1001 1981 1226 2042 praeclara
1259 1981 1466 2028 facinora
1497 1981 1620 2036 fecit,
1647 1980 1770 2029 forte

283 2065 436 2111 lubuit
459 2065 712 2121 attendere,
742 2082 847 2128 quae
871 2082 943 2112 res
967 2067 1180 2112 maxume
1203 2073 1334 2113 tanta
1356 2066 1544 2129 negotia
1567 2065 1771 2113 sustinu-

286 2150 415 2197 isset.
487 2150 713 2205 Sciebam,
743 2153 1062 2213 saepenumero
1085 2152 1227 2214 parva
1266 2168 1410 2198 manu
1444 2168 1550 2199 cum
1588 2153 1772 2216 magnis

283 2235 545 2297 legionibus
568 2236 778 2282 hostium
800 2236 1123 2282 contendisse:
1163 2253 1484 2299 cognoveram,
1509 2237 1664 2299 parvis
1699 2253 1772 2285 co-

286 2321 376 2383 piis
399 2319 520 2366 bella
543 2327 674 2383 gesta
698 2338 803 2367 cum
829 2321 1061 2383 opulentis
1080 2322 1297 2383 regibus3
1325 2321 1384 2368 ad
1401 2321 1506 2377 hoc,
1533 2338 1659 2385 saepe
1682 2323 1773 2370 for-

288 2414 417 2451 tunae
462 2405 731 2452 violentiam
779 2405 1076 2453 toleravisse:
1114 2406 1332 2453 facundia
1379 2407 1586 2463 Graecos,
1627 2407 1773 2470 gloria

292 2490 400 2537 belli
425 2490 602 2546 Gallos,
644 2498 752 2537 ante
776 2491 1014 2537 Romanos
1048 2491 1209 2538 fuisse.
1278 2492 1348 2538 Ac
1372 2492 1491 2539 mihi
1512 2492 1661 2540 multa
1682 2494 1777 2555 agi-

292 2577 412 2622 tanti
458 2576 714 2631 constabat,
764 2593 1019 2639 paucorum
1065 2576 1235 2623 civium
1281 2577 1514 2640 egregiam
1556 2577 1774 2624 virtutem

293 2670 462 2708 cuncta
484 2663 769 2724 patravisse3
807 2667 950 2725 eoque
985 2661 1176 2717 sactum,
1202 2661 1273 2708 uti
1297 2661 1483 2709 divitias
1506 2668 1771 2726 paupertas,

295 2747 646 2794 multitudinem
680 2748 891 2810 paucitas
927 2753 1183 2809 superaret.
1255 2747 1347 2796 Sed
1380 2753 1630 2813 postquam
1663 2747 1777 2794 luxu
