1889 3191
511 180 791 257 SALLUSTII
817 211 1235 256 JUGURTHINUM.
1551 219 1626 257 199

135 340 188 386 eo
209 336 436 402 perculsa,
462 335 602 382 modo
635 350 719 398 per
743 334 893 383 socios
927 350 981 382 ac
1013 350 1188 382 nomen
1211 332 1452 390 Latinum,
1489 334 1630 384 inter-

135 423 248 470 dum
270 437 355 484 per
388 420 568 484 equites
593 421 849 476 Romanos,
877 436 994 484 quos
1030 435 1138 483 spes
1173 418 1410 467 societatis
1435 435 1463 466 a
1493 419 1631 483 plebe

132 508 404 562 dimoverat,
433 507 718 554 Graecorum
743 506 1004 554 actionibus
1028 505 1211 553 obviam
1233 506 1384 554 ierat:
1411 511 1458 554 et
1479 505 1633 570 primo

131 592 386 648 Tiberium,
415 592 523 640 dein
543 608 718 656 paucos
752 599 862 656 post
896 609 1057 648 annos,
1095 592 1257 640 eadem
1289 591 1634 656 ingredientem

134 679 317 734 Caium,
355 679 598 726 tribunum
620 679 832 734 alterum,
871 679 1072 726 alterum
1106 678 1405 725 triumvirum
1439 677 1633 726 coloniis

132 765 433 821 deducendiS,
462 782 571 813 cum
596 765 669 812 M.
691 765 856 812 Fulvio
879 765 1044 812 Flacco
1067 764 1190 812 ferro
1213 770 1509 812 necaverant.
1568 764 1634 811 Et

133 851 247 899 sane
284 850 490 907 Graccis,
529 850 748 914 cupidine
783 850 1008 907 vietoriae,
1046 850 1176 898 haud
1212 850 1327 898 satis
1361 850 1632 898 moderatus

133 937 319 985 animus
344 937 451 984 fuit.
502 937 596 985 Sed
617 938 741 984 bono
767 936 890 984 vinci
915 937 1062 984 satius
1088 943 1174 992 est,
1193 937 1333 1001 quam
1355 937 1480 984 malo
1503 953 1635 984 more

131 1024 353 1088 injuriam
374 1024 576 1071 vincere.
626 1024 781 1087 Igitur
804 1024 856 1071 ea
879 1024 1074 1071 victoria
1097 1024 1320 1070 nobilitas
1345 1039 1401 1070 ex
1423 1023 1634 1070 lubidine

133 1110 218 1159 sua
240 1109 360 1167 usa,l
383 1110 560 1157 multos
583 1109 798 1157 mortalis
821 1108 944 1157 ferro
968 1115 1051 1155 aut
1083 1108 1199 1172 fuga
1222 1107 1448 1155 exstinxit
1467 1128 1480 1164 ;
1505 1108 1634 1171 plus-

133 1213 224 1261 que
257 1197 307 1243 in
346 1196 580 1260 reliquum
618 1196 709 1244 sibi
741 1195 941 1251 timoris,
978 1196 1117 1258 quam
1147 1194 1389 1258 potentiae,
1433 1193 1632 1241 addidit.

134 1284 255 1339 Quae
278 1298 352 1330 res
375 1282 650 1346 plerumque
672 1297 870 1345 magnas
894 1280 1099 1329 civitatis
1120 1279 1449 1345 pessumdedit
1470 1299 1480 1327 :
1520 1279 1636 1327 dum

133 1365 268 1414 alteri
290 1365 462 1414 alteros
485 1365 671 1414 vincere
695 1365 859 1430 quoxis
884 1365 1025 1412 modo
1047 1386 1058 1422 ;
1087 1371 1134 1413 et
1156 1365 1305 1412 victos
1329 1363 1542 1413 acerbius
1565 1364 1635 1412 ul-

133 1452 245 1500 cisci
266 1453 448 1502 volunt.
519 1453 613 1500 Sed
644 1452 701 1500 de
736 1452 906 1500 studiis
930 1452 1138 1516 partium
1172 1459 1221 1500 et
1244 1451 1398 1500 omnis
1433 1451 1635 1500 civitatis

133 1539 344 1586 moribus
369 1539 410 1586 si
432 1539 720 1603 singulatim,
748 1545 830 1587 aut
865 1554 951 1603 pro
984 1537 1310 1601 magnitudine
1343 1553 1506 1601 parem
1543 1537 1636 1585 dis-

135 1640 300 1681 serere,
327 1631 532 1688 tempuS,
577 1624 718 1689 quam
752 1641 842 1682 res,
886 1623 1120 1672 maturius
1158 1624 1358 1672 deserat.
1430 1625 1636 1681 Quamo-

132 1712 265 1759 brem
289 1711 350 1759 ad
372 1711 615 1775 inceptum
639 1711 795 1759 redeo.

200 1798 392 1845 XLIII.
431 1798 548 1845 Post
570 1798 684 1845 Auli
707 1798 878 1854 foedus,
915 1797 1240 1861 exercitusque
1273 1798 1425 1845 nostri
1459 1796 1635 1844 foedam

133 1884 310 1948 fugam,
353 1885 413 1941 Q.
452 1885 678 1933 Metellus
713 1892 759 1932 et
795 1884 869 1932 M.
909 1884 1097 1932 Silanus
1133 1883 1365 1932 Consules
1400 1884 1637 1948 designati

133 1971 398 2034 provincias
444 1971 570 2019 inter
615 1988 665 2020 se
699 1978 978 2035 paraverant
1004 1970 1039 2029 ;1
1072 1970 1362 2035 Metelloque
1408 1969 1639 2018 Numidia

134 2063 365 2113 evenerat,
403 2057 499 2104 aeri
533 2057 646 2113 viro,
688 2064 735 2105 et
772 2057 1057 2122 quamquam
1095 2056 1294 2105 advorso
1330 2057 1495 2119 populi
1530 2073 1638 2120 par-

191 2242 319 2280 XLII.
339 2241 352 2264 ¹
376 2242 503 2292 Iyz'tur
523 2256 569 2280 ea
590 2242 753 2280 victoria
772 2243 956 2280 nobilitas
976 2257 1024 2280 ex
1044 2243 1214 2280 lubidine
1232 2255 1306 2278 sua
1325 2255 1408 2290 usa,
1429 2241 1516 2293 &c.]
1541 2241 1638 2281 Gro-

137 2318 223 2344 nov.
243 2308 313 2344 has
333 2309 522 2356 produced
541 2309 617 2346 and
636 2308 841 2356 explained
858 2309 965 2345 these
983 2308 1106 2345 words
1125 2308 1167 2344 of
1181 2319 1249 2344 our
1268 2307 1404 2344 author
1421 2307 1462 2344 in
1479 2308 1540 2344 his
1560 2306 1640 2345 Ob-

137 2377 275 2408 servat.
294 2372 359 2410 lib.
381 2373 418 2419 4,
438 2385 470 2410 c.
493 2374 528 2420 5,
550 2385 586 2421 p.
611 2375 672 2411 69.
730 2374 962 2419 Daventriae‚
987 2372 1207 2411 1652.-C.

192 2438 342 2477 XLIII.
364 2436 377 2461 ¹
398 2439 630 2476 Provincias
650 2442 750 2476 inter
769 2453 809 2476 se
822 2438 1106 2490 paraverant]
1138 2440 1158 2476 I
1177 2439 1290 2477 think
1308 2439 1396 2476 that
1415 2438 1582 2477 Gronov.
1601 2439 1642 2476 in

137 2507 197 2543 his
213 2506 412 2545 Observat.
428 2507 493 2545 lib.
511 2509 544 2554 1,
560 2519 590 2544 c.
612 2509 672 2554 10,
686 2519 749 2555 pp.
768 2509 829 2554 91,
849 2508 911 2553 92,
926 2508 995 2544 has
1005 2507 1149 2554 proved
1161 2507 1260 2543 from
1272 2506 1338 2544 lib.
1358 2507 1393 2552 8,
1408 2507 1484 2543 and
1497 2506 1561 2543 lib.
1576 2507 1639 2552 25,

137 2573 180 2609 of
194 2572 305 2621 Livy,
322 2574 407 2611 that
419 2578 666 2620 paraverant
683 2573 715 2609 is
735 2584 776 2610 as
797 2573 896 2621 good
911 2585 933 2610 a
951 2573 1109 2621 reading
1127 2573 1215 2610 here
1227 2584 1269 2610 as
1281 2573 1547 2620 partiverant.
1604 2573 1643 2610 It

136 2648 277 2685 means,
298 2638 392 2686 they
410 2639 488 2675 had
506 2637 651 2684 settled,
674 2649 715 2674 or
735 2638 931 2685 arranged.
988 2637 1051 2674 He
1063 2638 1187 2675 shows
1205 2638 1292 2674 that
1306 2638 1455 2674 evenire
1469 2638 1557 2675 does
1574 2642 1643 2675 not

138 2700 283 2750 always
301 2713 448 2751 convey
465 2702 531 2740 the
549 2701 632 2739 idea
650 2701 691 2738 of
705 2700 769 2747 lot,
791 2701 862 2739 but
881 2701 1094 2755 sometimes
1113 2702 1156 2739 of
1169 2713 1193 2739 a
1211 2701 1344 2750 simple
1362 2706 1640 2750 arrangement.

140 2763 237 2804 -Ο,
