1889 3191
245 259 292 294 16
584 313 592 322 ⁸
689 255 963 296 SALLUSTII
991 252 1254 296 CATILINA.

241 380 325 431 est,
351 373 517 438 adepta
537 373 788 430 libertate,2
810 380 1034 438 quantum
1054 373 1179 422 brevi
1203 371 1425 422 creverit:
1461 379 1593 422 tanta
1627 387 1702 421 cu-

240 460 350 523 pido
373 460 532 524 gloriae
553 461 818 508 incesserat.
878 461 910 508 J
912 476 987 507 am
1003 459 1206 522 primum
1224 460 1460 525 juventus,
1479 460 1617 508 simul
1638 460 1705 507 la-

241 547 365 594 boris
388 563 441 594 ac
462 547 571 594 belli
591 546 774 610 patiens
797 553 909 603 erat,
935 546 985 593 in
1007 546 1168 593 castris
1201 563 1284 611 per
1305 546 1469 595 usum³
1492 546 1706 594 militiam

243 632 446 680 discebat
468 652 477 679 :
503 633 741 696 magisque
763 633 811 679 in
836 632 1010 680 decoris
1033 633 1174 680 armis
1198 639 1243 680 et
1261 632 1537 680 militaribus
1560 632 1703 696 equiS‚

243 734 379 781 quam
422 718 471 764 in
516 719 679 765 scortis
723 724 859 780 atque
905 716 1124 764 conviviis
1167 717 1422 765 lubidinem
1454 717 1704 765 habebant.

243 804 394 866 Igitur
416 803 585 850 talibus
607 803 718 850 viris
739 819 834 849 non
866 803 996 849 labos
1020 802 1249 858 insolitus,
1277 820 1373 851 non
1404 803 1534 850 locus
1555 819 1701 866 asper,

241 896 320 935 aut
343 888 514 935 arduus
537 894 647 943 erat,
668 904 761 935 non
784 894 989 934 armatus
1011 887 1161 934 hostis
1177 886 1504 935 formidolosus
1523 906 1535 934 t
1559 888 1706 935 virtus

241 971 395 1018 omnia
417 971 669 1019 domuerat.
738 971 830 1018 Sed
851 971 1010 1034 gloriae
1033 987 1304 1019 maxumum
1331 977 1564 1019 certamen
1586 972 1708 1019 inter

240 1059 366 1120 ipsos
390 1065 514 1105 erat:
552 1074 651 1106 sese
685 1057 879 1122 quisque
912 1058 1096 1105 hostem
1130 1058 1279 1114 ferire,
1306 1075 1491 1105 murum
1520 1058 1707 1105 adscen-

242 1147 361 1201 dere,
388 1146 605 1208 conspici,
633 1145 745 1192 dum
762 1145 853 1191 tale
871 1143 1048 1191 facinus
1066 1144 1274 1201 faceret,⁴
1295 1145 1572 1208 properabat
1593 1164 1603 1191 :
1631 1161 1707 1192 eas

292 1334 306 1356 ²
332 1334 483 1382 Adeptd
503 1331 709 1383 libertate]
740 1330 892 1379 Adeptd
911 1331 943 1368 is
960 1331 1047 1368 here
1065 1331 1155 1368 used
1173 1329 1381 1378 passively3
1410 1329 1498 1367 thus
1515 1329 1605 1378 Jug.
1626 1342 1706 1378 cap.

240 1402 295 1447 ci„
327 1403 429 1439 Dum
447 1410 558 1447 prope
582 1400 664 1448 jam
683 1398 854 1444 adeptam
872 1397 1066 1434 victoriam
1094 1395 1248 1432 retinere
1280 1395 1391 1442 cupit.
1450 1395 1574 1432 Plaut.
1604 1395 1706 1433 Trin.

239 1482 293 1507 ac.
313 1469 349 1505 ii.
371 1480 439 1505 sec.
463 1468 522 1512 11,
543 1477 618 1503 ver.
641 1465 702 1510 88,
722 1464 810 1501 Non
829 1467 946 1510 aetate,
967 1474 1098 1500 verum
1115 1462 1265 1511 ingenio
1283 1462 1496 1509 adipiscitur
1514 1462 1706 1509 sapientia.

240 1536 316 1574 Cic.
336 1535 381 1570 de
400 1533 524 1570 Senec.
546 1542 624 1577 cap.
645 1529 694 1576 ii„
717 1529 950 1566 Senectutem
968 1531 1011 1563 ut
1029 1526 1281 1574 adipiscantur
1299 1537 1424 1562 omnes
1443 1529 1597 1573 optant:
1618 1537 1707 1563 ean-

239 1602 323 1637 dem
342 1601 515 1635 accusant
534 1596 717 1642 adeptam.
774 1593 875 1631 Suet.
897 1592 981 1628 Tib.
1012 1602 1092 1638 cap.
1121 1591 1303 1637 xxxviii„
1334 1590 1423 1627 Post
1442 1590 1617 1637 adeptum
1634 1590 1707 1626 im-

238 1665 380 1712 perium
399 1664 528 1711 pedem
546 1666 653 1709 porta
670 1670 745 1696 non
762 1657 1021 1695 extulit.—M.

295 1729 456 1777 Adeptd,
477 1725 565 1777 ἃς]
595 1726 682 1762 Vid.
703 1725 882 1769 Vechner,
905 1722 1138 1759 Hellenolex.
1194 1722 1275 1760 Lib.
1299 1723 1331 1768 1,
1353 1734 1384 1758 c.
1405 1722 1439 1768 9,
1460 1733 1496 1769 p.
1519 1721 1680 1759 59.—C.

291 1794 305 1815 ³
329 1794 375 1830 In
395 1792 531 1829 castris
544 1804 616 1838 per
635 1788 775 1839 nsum]
806 1789 885 1825 The
905 1787 1069 1824 Romans
1086 1788 1162 1824 had
1172 1787 1277 1824 other
1291 1799 1396 1836 ways
1407 1787 1449 1824 of
1461 1787 1631 1836 learning
1644 1787 1708 1823 the

241 1867 299 1900 art
317 1862 358 1898 of
371 1871 458 1907 war,
479 1857 639 1904 namer,
660 1857 713 1904 by
730 1856 794 1891 the
812 1854 992 1891 exercises
1018 1858 1057 1890 to
1075 1852 1198 1889 which
1216 1853 1279 1889 the
1306 1854 1426 1902 youth
1443 1865 1538 1890 were
1565 1853 1708 1890 trained

239 1931 279 1966 in
296 1929 360 1965 the
386 1926 552 1974 Campus
574 1923 754 1967 Martius,
773 1922 815 1956 in
832 1921 896 1957 the
910 1919 1111 1967 yymnasia
1130 1929 1171 1954 or
1189 1918 1343 1964 schools,
1367 1920 1440 1956 and
1458 1919 1510 1967 by
1527 1919 1645 1956 books
1672 1918 1713 1954 of

239 1996 405 2043 military
422 1991 662 2029 instructions
679 1988 827 2025 written
845 1987 901 2023 for
926 1987 991 2022 the
1008 1983 1285 2032 purpose-M.

292 2059 306 2080 ⁴
333 2056 520 2105 Conspici,
542 2056 629 2091 dum
649 2053 725 2089 tale
736 2049 1090 2101 facinussaceret.]
1122 2050 1171 2089 So
1199 2048 1366 2097 conspici
1392 2048 1425 2085 is
1450 2049 1541 2085 used
1566 2048 1606 2084 in
1626 2047 1707 2085 Liv.

240 2128 264 2164 l.
287 2128 321 2173 3,
343 2138 373 2162 c.
395 2125 466 2161 50:
499 2120 644 2165 “Nam‚
664 2121 910 2165 praeterquam
928 2112 1030 2163 quod
1049 2115 1197 2164 agmine
1215 2126 1327 2162 prope
1354 2112 1708 2161 quadringentorum

241 2190 434 2227 hominum
452 2185 612 2230 veniens,
633 2183 698 2231 qui
717 2182 763 2218 ab
781 2181 872 2218 urbe
890 2180 1110 2228 indignitate
1137 2180 1190 2216 rei
1208 2178 1349 2216 accensi
1368 2178 1518 2214 comites
1536 2177 1569 2214 ei
1587 2188 1625 2214 se
1643 2177 1707 2213 de-

242 2259 380 2300 derant,
403 2256 619 2299 conspectus
639 2249 726 2295 est,’'
748 2248 824 2293 &c.,
846 2251 886 2283 at
912 2247 1035 2283 which
1066 2247 1130 2283 the
1158 2249 1244 2282 note
1270 2245 1310 2281 in
1336 2245 1399 2281 the
1417 2243 1554 2281 edition
1580 2243 1622 2280 of
1642 2254 1709 2291 my

242 2328 340 2360 most
357 2320 505 2357 learned
521 2317 650 2362 friend,
671 2316 743 2352 Mr.
766 2314 931 2359 Walker,
951 2313 993 2359 is,
1018 2314 1039 2332 ‘⁶
1061 2311 1238 2360 Conspici
1257 2322 1352 2358 saepe
1379 2310 1512 2347 dicitur
1538 2309 1602 2357 qui
1620 2320 1709 2346 con-

243 2390 390 2435 spicuus
425 2388 490 2429 est,
530 2386 593 2418 aut
628 2380 797 2417 venditat
824 2390 861 2415 se
902 2376 1016 2414 oculis
1042 2377 1235 2413 hominum
1260 2375 1390 2421 infra‚''
1417 2375 1479 2412 lib.
1510 2376 1545 2421 4,
1574 2386 1604 2411 c.
1637 2376 1707 2421 133

245 2458 265 2474 ‘⁴
282 2456 498 2499 conspectus
517 2449 707 2495 elatusque
726 2457 837 2492 supra
863 2444 1016 2480 modum
1042 2442 1202 2479 hominis
1229 2441 1399 2489 privati,”
1426 2440 1489 2477 lib.
1519 2440 1553 2487 5,
1584 2451 1614 2476 c.
1645 2440 1707 2476 23.

246 2524 269 2541 “
286 2515 457 2557 Maxime
479 2520 696 2562 conspectus
714 2514 791 2560 ipse
819 2516 874 2548 est
892 2522 1000 2547 curru
1027 2509 1131 2557 equis
1158 2508 1250 2545 albis
1277 2509 1408 2556 juncto
1426 2508 1556 2544 urbem
1581 2506 1707 2542 invec-

243 2586 337 2629 tus,''
356 2583 421 2619 &c.
479 2582 545 2619 See
575 2580 652 2616 also
679 2578 744 2614 lib.
768 2578 829 2623 21,
851 2588 881 2613 c.
903 2577 937 2621 4,
959 2575 1033 2611 and
1054 2573 1152 2620 alibi,
1173 2578 1213 2610 to
1232 2573 1354 2610 which
1385 2583 1475 2620 may
1503 2572 1548 2608 be
1575 2569 1705 2614 added,

247 2652 321 2690 Cic.
342 2651 380 2686 in
400 2649 521 2685 Pison.
543 2659 573 2683 c.
595 2647 655 2691 25,
676 2649 763 2681 note
783 2645 1034 2688 60—captare
1061 2640 1224 2687 plausus,
1254 2638 1340 2676 vehi
1357 2649 1422 2685 per
1449 2637 1588 2682 urbem,
1619 2648 1707 2671 con—

245 2718 341 2768 spici
358 2712 562 2752 velle—C.
