1889 3191
305 230 379 266 148
679 229 951 270 SALLUSTII
979 231 1004 269 J
1007 231 1391 271 UGURTHINUM.

304 346 546 410 quisquam
582 348 732 396 nostri
774 349 982 396 misereri
1025 356 1194 412 potest,
1244 350 1324 414 qui
1358 349 1604 414 aliquando
1637 350 1793 415 vobis⁸

303 433 454 480 hostis
475 431 600 480 fuit?
668 434 923 490 Postremo,
951 435 1206 482 Masinissa
1238 451 1323 482 nos
1344 435 1412 482 ita
1432 435 1653 491 instituit,
1682 419 1796 482 Pa-3

303 525 397 565 tres
421 517 686 580 conscripti,
711 533 768 564 ne
792 534 927 580 quem
951 518 1217 573 coleremus,
1241 519 1332 565 nisi
1352 519 1578 582 populum
1602 519 1771 566 Roma-

303 619 431 658 num,
458 619 516 649 ne
534 602 789 657 societates,
816 619 874 649 ne
892 602 1068 649 foedera
1089 619 1207 649 nova
1225 604 1535 666 acciperemus
1556 624 1566 651 :
1585 604 1771 651 abunde

305 703 475 750 magna
495 687 712 749 praesidia
734 688 868 734 nobis
889 687 939 733 in
961 688 1113 735 vestra
1131 688 1331 735 amicitia
1348 689 1445 735 fore
1466 707 1476 735 t
1505 690 1543 735 si
1566 690 1674 736 huic
1688 691 1771 736 im-

303 775 431 838 perio
467 774 654 821 fortuna
688 781 959 829 mutaretur,
1009 774 1102 821 una
1142 774 1275 820 nobis
1314 775 1612 821 occidendum
1655 792 1769 823 esse.

305 860 503 915 Virtute,
531 875 582 906 ac
605 859 677 906 dis
700 859 976 915 volentibus,
1003 860 1161 922 magni
1186 860 1298 906 estis
1335 867 1381 906 et
1404 860 1609 922 opulenti
1631 879 1641 906 :
1679 876 1774 907 om-

305 946 383 993 nia
407 945 606 992 secunda
628 952 674 992 et
697 944 960 992 obedientia
983 953 1092 991 sunt
1110 965 1121 1000 ;
1153 948 1243 1008 quo
1260 945 1439 991 facilius
1456 945 1682 991 sociorum
1707 946 1775 992 in-

304 1031 449 1095 jurias
472 1047 628 1078 curare
650 1030 772 1077 licet.
836 1031 1041 1077 Tantum
1054 1030 1170 1077 illud
1192 1046 1361 1086 vereor,
1381 1047 1438 1077 ne
1462 1047 1576 1094 quos
1599 1031 1777 1094 privata

311 1117 511 1164 amicitia
545 1116 810 1179 Jugurthae‚
856 1119 1021 1179 parum
1056 1117 1253 1179 cognita,
1299 1124 1587 1164 transvorsos
1624 1124 1768 1179 agat3

311 1218 425 1266 quos
450 1219 534 1264 ego
568 1202 705 1248 audio
740 1202 957 1248 maxuma
991 1218 1077 1264 ope
1100 1202 1201 1257 niti,
1239 1202 1428 1258 ambire,
1466 1203 1660 1266 fatigare
1694 1219 1776 1249 vos

312 1288 531 1351 singulos,
557 1304 614 1334 ne
638 1287 749 1350 quid
773 1287 829 1333 de
853 1287 1057 1343 absente,
1079 1287 1313 1350 incognita
1331 1288 1506 1344 caussa,
1530 1289 1743 1335 statuatis
1763 1308 1772 1334 ε

310 1376 483 1437 fingere
506 1390 580 1420 me
603 1374 754 1429 verba,
791 1372 950 1436 fugam
986 1373 1213 1428 simulare,
1242 1373 1316 1420 cui
1348 1373 1528 1420 licuerit
1550 1374 1599 1420 in
1636 1390 1777 1436 regno

309 1475 511 1507 manere.
549 1459 687 1514 Quod
708 1459 886 1504 utinam
910 1458 1058 1513 illum,
1084 1458 1215 1521 cujus
1238 1458 1381 1520 impio
1399 1459 1598 1506 facinore
1620 1460 1670 1506 in
1691 1459 1778 1507 has

310 1544 519 1592 miserias
543 1543 776 1606 projectus
801 1559 919 1599 sum,
948 1542 1110 1590 eadem
1126 1542 1229 1590 haec
1254 1543 1549 1592 simulantem
1567 1545 1775 1593 videam:

313 1634 357 1673 et
380 1626 624 1689 aliquando
648 1633 728 1672 aut
750 1625 874 1688 apud
896 1642 991 1681 VOS,
1011 1631 1090 1672 aut
1113 1625 1240 1688 apud
1268 1625 1377 1673 deos
1392 1627 1681 1684 immortalis,
1707 1645 1779 1675 re-

310 1729 415 1759 rum
438 1712 747 1758 humanarum
771 1728 878 1758 cura
901 1712 1076 1758 oriatur
1096 1729 1107 1757 ε
1143 1727 1202 1758 ne
1234 1711 1327 1767 ille,
1353 1712 1433 1775 qui
1453 1729 1578 1761 nunc
1601 1714 1781 1762 sceleri·

311 1799 398 1845 bus
424 1798 519 1844 suis
543 1798 672 1844 ferox
694 1804 831 1861 atque
848 1797 1098 1861 praeclarus
1123 1803 1207 1854 est,
1226 1797 1442 1845 omnibus
1464 1799 1600 1846 malis
1624 1815 1782 1847 excru-

315 1884 476 1940 ciatus,
524 1883 794 1947 impietatis,
840 1883 891 1930 in
935 1890 1175 1945 parentem
1220 1890 1447 1940 nostrum,
1495 1884 1651 1932 fratris
1690 1887 1782 1934 mei

314 1969 455 2026 necis,
475 1984 773 2031 mearumque
790 1967 1080 2016 miseriarum
1098 1967 1248 2031 gravis
1266 1985 1427 2031 poenas
1445 1969 1623 2018 reddet.
1658 1970 1690 2018 J
1691 1987 1780 2025 am,

309 2056 421 2118 jam,
448 2055 602 2111 frater,
629 2055 782 2102 animo
805 2070 908 2102 meo
931 2054 1193 2110 carissume,
1216 2071 1494 2119 quamquam
1516 2056 1780 2112 immaturo,

315 2148 362 2189 et
384 2141 507 2189 unde
530 2141 738 2189 minume
757 2141 923 2197 decuit,
945 2142 1040 2189 vita
1054 2149 1209 2205 erepta
1224 2148 1323 2197 est;
1349 2148 1505 2189 tamen
1526 2142 1782 2191 laetandum

315 2228 478 2291 magis,
517 2228 653 2291 quam
693 2227 943 2274 dolendum
979 2235 1096 2290 puto
1141 2243 1298 2274 casum
1333 2234 1485 2275 tuum.
1520 2244 1616 2276 non
1659 2229 1783 2277 enim

314 2332 524 2379 regnum,
567 2314 647 2363 sed
669 2314 842 2378 fugam,
869 2314 1097 2370 exsilium,
1134 2320 1402 2377 egestatem,
1429 2321 1475 2361 et
1509 2330 1668 2362 omnes
1697 2315 1782 2363 has

318 2419 421 2466 quae
444 2418 518 2449 me
540 2408 774 2464 premunt,
811 2416 1041 2447 aerumnas
1078 2416 1183 2447 cum
1208 2399 1362 2447 anima
1397 2399 1536 2448 simul
1574 2401 1784 2449 amisisti.

318 2488 384 2534 At
406 2503 491 2551 ego
512 2486 686 2542 infelix,
712 2487 762 2533 in
784 2492 914 2533 tanta
935 2485 1057 2532 mala
1078 2485 1399 2548 praecipitatus
1434 2501 1489 2532 ex
1511 2486 1662 2548 patrio
1684 2502 1783 2550 reg-

317 2572 417 2627 no,⁹
453 2589 606 2620 rerum
635 2573 946 2619 humanarum
981 2570 1295 2634 spectaculum
1329 2571 1543 2633 praebeo:
1578 2571 1783 2618 incertus

372 2701 389 2725 ⁹
407 2701 473 2738 Ex
488 2702 618 2750 patrio
637 2714 761 2749 reyno,
785 2701 871 2752 &c.]
895 2702 1096 2739 Patriusis
1111 2702 1318 2739 sometimes
1337 2702 1486 2739 derived
1498 2702 1594 2738 from
1599 2705 1725 2748 pater,
1742 2712 1783 2738 as

318 2768 414 2812 here,
437 2765 645 2803 sometimes
661 2766 756 2802 from
769 2765 905 2812 patria
921 2778 935 2806 ;
953 2765 1141 2810 therefore,
1163 2765 1192 2801 it
1218 2765 1250 2802 is
1268 2769 1334 2802 not
1352 2765 1493 2814 always
1520 2776 1612 2813 very
1629 2773 1719 2812 easy
1744 2768 1783 2800 to
