1889 3191
247 211 324 246 256
622 211 899 252 SALLUSTII
926 213 952 251 J
956 212 1342 253 UGURTHINUM.

245 343 352 374 cum
375 327 537 390 paucis
558 329 814 392 profectuS,
840 331 1052 393 pervenit
1074 332 1134 379 ad
1157 332 1386 389 Gaetulos,
1412 348 1561 396 genus
1584 332 1736 381 homi-

249 428 360 459 num
383 413 535 461 ferum
557 414 892 478 incultumque,
915 423 961 462 et
985 432 1037 463 eo
1060 423 1272 479 tempore
1293 417 1510 481 ignarum
1531 417 1737 465 nominis

248 498 463 545 Romani.
533 499 711 545 Eorum
735 499 1086 547 multitudinem
1108 500 1159 546 in
1180 517 1327 548 unum
1346 502 1471 565 cogit
1492 521 1501 549 ε
1529 519 1582 550 ac
1605 502 1735 566 paul-

245 582 376 630 latim
399 582 698 638 consuefacit,
724 582 910 630 ordines
943 583 1128 640 habere,
1157 584 1290 646 signa
1313 587 1458 649 sequi,
1484 587 1734 650 imperium

246 669 503 724 observare,
548 668 660 715 item
698 668 789 714 alia
826 668 1047 715 militaria
1085 669 1251 716 facere.
1319 671 1553 720 Praeterea
1592 672 1736 737 Regis

248 753 422 799 Bocchi
445 769 698 815 proxumos
732 753 917 816 magnis
952 754 1239 810 muneribus,
1269 762 1316 801 et
1349 755 1606 819 majoribus
1627 773 1736 820 pro-

247 838 416 894 missis,
439 838 497 884 ad
523 838 732 884 studium
757 839 830 885 sui
853 838 1083 901 perducit.
1111 842 1215 903 quis
1238 840 1530 903 adjutoribus
1554 842 1731 906 Regem

245 924 507 987 adgressus,
534 924 749 986 impellit,
775 924 844 970 uti
879 924 1129 972 advorsum
1165 926 1401 973 Romanos
1436 927 1612 974 bellum
1637 943 1737 974 sus-
1806 935 1817 945 ⁰

246 1010 403 1073 cipiat.
489 1009 548 1056 Id
593 1010 645 1056 ea
687 1009 838 1072 gratia
883 1009 1065 1056 facilius
1110 1010 1410 1073 proniusque¹
1455 1010 1561 1067 fuit,
1611 1011 1735 1075 quod

246 1096 464 1143 Bocchus
508 1095 643 1142 initio
689 1095 883 1158 hujusce
927 1095 1036 1142 belli
1081 1096 1259 1158 legatos
1293 1096 1494 1143 Romam
1527 1097 1732 1154 miserat,

246 1182 400 1229 foedus
424 1189 470 1229 et
484 1181 737 1228 amicitiam
760 1181 978 1237 petitum.
1001 1198 1140 1244 quam
1155 1197 1253 1228 rem
1273 1182 1735 1245 opportunissumam

247 1268 434 1331 incepto
457 1267 579 1314 bello
602 1267 740 1330 pauci
762 1266 1115 1329 impediverant,
1144 1266 1255 1314 caeci
1279 1267 1483 1322 avaritia,
1511 1269 1615 1330 quis
1639 1283 1736 1314 om·

244 1354 323 1400 nia
345 1354 543 1400 honesta
567 1360 706 1416 atque
729 1352 978 1398 inhonesta
1016 1351 1214 1398 vendere
1238 1368 1340 1398 mos
1377 1352 1510 1398 erat.²
1579 1353 1735 1400 Etiam

248 1443 384 1487 antea
409 1440 440 1488 J
444 1439 662 1501 ugurthae
689 1440 784 1485 filia
807 1439 985 1486 Bocchi
1002 1447 1244 1503 nupserat.
1313 1440 1490 1488 Verum
1506 1458 1561 1489 ea
1581 1458 1737 1490 neces-

248 1527 404 1575 situdo
424 1526 548 1590 apud
575 1526 807 1573 Numidas
823 1526 1110 1590 Maurosque
1133 1527 1246 1574 levis
1263 1527 1475 1576 ducitur:
1504 1529 1628 1592 quod
1645 1531 1738 1578 sin-

248 1614 360 1677 guli,
387 1629 473 1676 pro
511 1612 679 1675 opibus
720 1613 929 1676 quisque,
958 1616 1098 1676 quam
1122 1613 1348 1676 plurimas
1382 1631 1565 1671 uxores,
1593 1615 1737 1663 denas

247 1698 338 1752 alii,
365 1695 443 1743 alii
466 1696 624 1758 plures
648 1695 824 1742 habent
846 1716 858 1750 ;
891 1696 973 1742 sed
998 1696 1152 1759 Reges
1176 1712 1230 1744 eo
1254 1697 1495 1758 amplius‚³
1541 1699 1617 1745 Ita
1639 1699 1737 1746 ani-

248 1800 354 1830 mus
376 1782 678 1828 multitudine
703 1782 1006 1838 distrahitur-3
1034 1782 1162 1830 nulla
1185 1799 1270 1846 pro
1294 1783 1418 1831 sociz‘i
1437 1783 1630 1840 obtinet,
1656 1800 1739 1848 pa·

250 1870 360 1915 riter
385 1884 546 1915 omnes
570 1867 682 1914 viles
708 1877 834 1914 sunt.

307 2038 494 2090 LXXX]
518 2037 530 2060 ¹
555 2039 727 2077 Facilius
741 2038 1011 2090 proniusque]
1035 2040 1195 2077 Facilius
1209 2044 1266 2077 est
1282 2041 1389 2078 facile
1402 2041 1504 2078 factu
1515 2041 1736 2089 Jugurthae;

252 2107 402 2154 pronius
423 2107 561 2143 Bocchi
587 2106 867 2143 inclinationem
897 2106 943 2142 ad
977 2106 1190 2142 audendum
1221 2106 1363 2153 aliquid
1391 2111 1521 2143 contra
1549 2106 1739 2143 Romanos

254 2172 497 2209 innuit.-—M.

307 2235 321 2257 ²
352 2237 517 2273 Vendere
536 2249 615 2273 mos
635 2234 753 2286 erat]
787 2236 930 2274 Sallust
948 2248 1065 2272 seems
1085 2241 1124 2273 to
1142 2236 1330 2273 insinuate
1347 2237 1433 2274 that
1461 2238 1565 2274 these
1592 2237 1740 2285 gentle-

254 2314 339 2339 men
359 2303 434 2339 had
453 2303 544 2340 been
563 2302 691 2338 bribed
710 2302 762 2349 by
776 2301 801 2337 J
805 2302 971 2348 ugurtha
989 2305 1028 2337 to
1047 2312 1182 2348 oppose
1197 2300 1368 2337 Bocchus
1385 2301 1425 2336 in
1444 2301 1509 2336 the
1527 2300 1683 2347 alliance
1694 2302 1741 2337 he

254 2378 330 2403 was
350 2367 462 2414 suing
479 2367 560 2411 sor3
590 2371 630 2402 at
648 2365 743 2402 least
764 2377 817 2401 we
838 2377 926 2413 may
945 2376 1103 2412 suppose
1131 2366 1235 2401 them
1254 2369 1294 2401 to
1313 2365 1358 2400 be
1377 2364 1441 2400 the
1468 2375 1572 2400 same
1589 2375 1742 2410 persons

253 2431 338 2467 who
357 2430 534 2478 formerly
552 2430 628 2465 had
647 2431 738 2466 been
753 2429 883 2465 drawn
895 2440 987 2465 over
1000 2434 1038 2464 to
1052 2428 1275 2476 Jugurtha’s
1288 2428 1441 2464 interest
1451 2428 1505 2476 by
1519 2428 1584 2464 the
1597 2431 1739 2464 attrac-

254 2496 330 2531 tive
348 2496 496 2531 char-ms
515 2494 557 2530 of
571 2494 629 2530 his
648 2492 859 2541 gold.-M.

309 2554 324 2577 ¹
346 2557 419 2593 Sed
437 2569 539 2605 reyes
560 2569 600 2592 eo
621 2553 822 2605 amplius]
846 2555 1012 2592 Perizon.
1034 2567 1131 2602 says,
1153 2555 1191 2591 in
1211 2555 1270 2591 his
1282 2554 1530 2592 Dissertation
1545 2565 1593 2591 on
1608 2554 1742 2602 Dictys

257 2621 452 2666 Cretensis,
476 2620 537 2656 Eo
556 2620 706 2667 ponitur
724 2631 791 2666 pro
810 2619 891 2655 ideo
910 2619 1061 2665 optimis
1080 2619 1303 2655 auctoribus.
1344 2618 1434 2656 SalL
1452 2617 1514 2654 Eo
1534 2617 1742 2664 respublica

257 2685 295 2720 in
314 2689 485 2720 extremo
503 2684 575 2719 sita
592 2689 658 2719 est.
717 2683 777 2728 Et,
800 2695 841 2717 eo
861 2682 904 2718 fit
932 2687 973 2718 ut
1001 2682 1164 2728 impetus
1191 2681 1268 2719 fiat.
1327 2681 1438 2719 Catil.
1460 2683 1522 2726 52,
1552 2679 1740 2717 Nobilitas

256 2747 374 2784 noxia
393 2753 506 2794 atque
525 2758 566 2780 eo
586 2745 764 2792 perculsa,
786 2745 876 2792 Jug.
900 2746 962 2781 42.
1022 2744 1081 2783 Sic
1111 2745 1257 2792 Dictys,
1279 2746 1313 2789 3,
1336 2746 1371 2789 3,
1395 2745 1487 2788 Quae
1515 2755 1572 2779 res
1601 2754 1642 2778 eo
1670 2743 1739 2779 ha-
