1889 3191
528 219 808 258 SALLUSTII
833 221 859 257 J
865 220 1250 259 UGURTHINUM.
1561 226 1609 261 24
1618 226 1635 260 1

137 351 312 392 cusare,
352 336 514 383 testari
548 336 674 392 deos,
714 354 797 400 per
832 354 949 400 quos
978 337 1232 401 juravisset
1250 359 1262 394 3
1299 339 1497 402 praemia
1528 340 1633 387 Me-

136 422 235 468 telli
257 422 306 468 in
328 429 510 485 pestem
534 439 593 470 ne
617 430 934 479 converteret3
961 424 994 471 J
996 424 1217 486 ugurthae
1233 425 1428 470 exitium
1453 424 1631 479 adesse,

135 515 359 554 caeterum
405 524 563 564 suane,
612 526 671 555 an
708 510 892 556 Metelli
936 510 1148 565 virtute,⁴
1180 511 1368 573 periret,
1412 510 1463 556 id
1496 509 1634 556 modo

135 591 328 652 agitari:
366 593 562 655 proinde
597 601 838 657 reputaret
872 611 979 641 cum
1015 596 1173 642 animo
1209 612 1308 652 suo,
1336 596 1546 659 praemia,
1575 612 1634 642 an

134 677 393 725 cruciatum
416 679 630 727 mallet.''

199 764 384 811 LXXI.
424 765 516 813 Sed
539 766 647 813 cum
682 766 760 813 hae
794 766 967 814 litterae
1003 766 1188 822 adlatae,
1225 766 1346 813 forte
1373 767 1626 823 Nabdalsa,

131 854 334 901 exercito
358 871 551 917 corpore
574 855 741 910 fessus,
763 855 813 900 in
835 854 955 901 lecto
980 854 1249 917 quiescebat
1270 873 1279 900 :
1309 854 1402 908 ubi,
1428 854 1629 917 cognitis

131 940 409 987 Bomilcaris
446 941 612 995 verbis,
649 941 800 1003 primo
838 956 961 994 cura,
996 939 1178 994 deinde,
1221 939 1289 986 uti
1326 956 1506 1002 aegrum
1532 941 1630 986 ani-

129 1043 260 1072 mum
286 1026 418 1081 solet,
448 1042 640 1072 somnus
667 1026 806 1088 cepit.
878 1026 992 1071 Erat
1019 1026 1060 1072 ei
1079 1025 1291 1071 Numida
1315 1026 1521 1088 quidam,
1549 1043 1629 1073 ne-

125 1111 362 1174 gotiorum
386 1118 585 1166 curator,
623 1111 747 1157 fidus
771 1118 1098 1175 acceptusque,
1126 1117 1174 1156 et
1205 1110 1416 1156 omnium
1442 1111 1627 1157 consili-

125 1213 274 1253 orum,
302 1197 395 1243 nisi
416 1197 689 1252 novissumi,
714 1196 966 1259 particeps.
1038 1195 1146 1251 Qui,
1170 1204 1423 1258 postquam
1445 1196 1625 1243 adlatas

125 1283 305 1330 litteras
329 1283 522 1339 audivit,
551 1300 606 1329 ex
631 1282 971 1329 consuetudine
995 1288 1127 1328 ratus
1165 1281 1310 1344 operav
1333 1288 1414 1327 aut
1437 1282 1625 1344 ingenio

126 1385 211 1415 suo
236 1385 355 1432 opus
379 1385 494 1424 esse,
522 1369 573 1414 in
598 1368 951 1415 tabernaculum
965 1368 1177 1414 introivit
1200 1387 1209 1414 ε
1238 1367 1500 1415 dormiente
1524 1369 1619 1423 illo,

124 1456 386 1518 epistolam,
416 1472 555 1518 super
579 1462 720 1518 caput
744 1455 794 1501 in
816 1455 1009 1518 pulvino
1035 1455 1212 1501 temere
1236 1455 1456 1516 positam,
1480 1455 1624 1501 sumit

120 1559 173 1590 ac
209 1542 424 1605 perlegit.
461 1541 569 1588 dein
605 1542 820 1604 propere,
860 1540 1061 1602 cognitis
1095 1539 1296 1595 insidiis,
1341 1540 1401 1586 ad
1441 1540 1620 1603 Regem

120 1628 292 1690 pergit.
365 1627 619 1682 Nabdalsa,
664 1627 772 1689 post
810 1626 966 1689 paullo
1004 1634 1316 1687 experrectus,
1356 1626 1437 1671 ubi
1471 1642 1622 1688 neque

123 1713 371 1778 epistolam
397 1713 584 1776 reperit,
604 1720 649 1759 et
673 1729 772 1759 rem
796 1728 998 1766 omnem,
1018 1710 1087 1756 uti
1113 1719 1228 1766 acta,
1258 1712 1476 1774 cognovit
1496 1733 1507 1767 ;
1528 1712 1622 1773 pri-

121 1800 199 1847 mo
221 1799 424 1846 indicem
449 1798 667 1862 persequi
691 1804 915 1853 conatus3
954 1803 1206 1859 postquam
1230 1796 1278 1842 id
1304 1796 1479 1843 frustra
1514 1797 1618 1851 fuit,

121 1884 152 1932 J
157 1882 411 1946 ugurtham
434 1881 651 1944 placandi
665 1881 815 1943 gratia
834 1879 1026 1934 accedit,
1054 1885 1085 1904 “
1107 1896 1212 1942 quae
1229 1879 1332 1942 ipse
1347 1880 1620 1942 paravisset,

119 1969 315 2032 perfidia
360 1968 544 2014 clientis
592 1967 665 2013 sui
710 1974 951 2030 praeventa
973 1964 1015 2012 :”
1050 1965 1318 2012 lacrumans
1356 1966 1621 2012 obtestatur

122 2062 151 2080 “
167 2072 250 2118 per
273 2055 544 2110 amicitiam,
567 2069 738 2117 perque
764 2069 847 2099 sua
870 2059 1009 2099 antea
1031 2052 1236 2099 fideliter
1261 2058 1376 2107 acta,
1396 2068 1455 2098 ne
1481 2069 1621 2115 super

117 2141 200 2188 tali
224 2141 394 2188 scelere
419 2147 691 2203 suspectum
717 2156 817 2186 sese
841 2139 1087 2186 haberet.”

183 2228 396 2274 LXXII.
433 2227 512 2273 Ad
536 2243 590 2273 ea
615 2226 717 2272 Rex
741 2226 886 2281 aliter,
917 2232 1056 2287 atque
1092 2224 1249 2269 animo
1284 2224 1490 2286 gerebat,
1518 2224 1616 2286 pla-

114 2312 218 2359 cide
240 2311 503 2374 respondit.
573 2310 851 2365 Bomilcare,
880 2310 1075 2372 aliisque
1110 2309 1289 2364 multis,
1318 2325 1436 2372 quos
1462 2309 1614 2355 socios

166 2453 182 2474 ⁴
208 2454 392 2491 Caeterum
411 2455 543 2497 smine,
562 2466 614 2488 an
636 2452 787 2488 Metelli
801 2449 959 2501 virt-ute]
981 2452 1014 2488 is
1033 2463 1056 2487 a
1072 2452 1191 2487 better
1210 2454 1477 2496 arrangement
1496 2450 1536 2485 of
1553 2451 1618 2486 the

112 2519 247 2564 words,
270 2519 366 2554 than
398 2530 450 2552 an
484 2516 623 2552 virtute
642 2516 809 2560 Metell13
840 2516 916 2552 aud
949 2526 989 2551 so
1010 2515 1179 2550 Perizon.
1213 2524 1262 2548 on
1283 2513 1410 2550 Sanet.
1434 2513 1615 2559 Minerv.,

110 2586 175 2622 lib.
198 2585 233 2630 ⁶2,
252 2596 282 2620 e.
306 2584 367 2628 1-2,
388 2595 426 2629 p.
447 2583 522 2618 242
542 2596 550 2627 ;
581 2582 654 2617 and
676 2581 849 2617 Kritzius
876 2581 976 2617 read.
1034 2579 1103 2617 See
1129 2579 1194 2615 the
1224 2583 1312 2614 note
1345 2578 1387 2614 of
1400 2578 1465 2614 the
1492 2578 1616 2615 latter.

111 2649 281 2685 Perizon.
302 2657 401 2694 sayS,
424 2646 497 2682 Per
529 2642 645 2681 suane
677 2644 848 2692 intellige
866 2644 929 2680 vel
961 2643 1085 2679 solum
1117 2642 1365 2686 Nabdalsam,
1400 2641 1462 2677 vel
1491 2641 1619 2688 potius

111 2718 314 2759 utrumque
347 2709 471 2754 simul,
506 2708 688 2745 Nabdals.
723 2714 761 2744 et
793 2707 1056 2743 Bomilcarem.
1115 2705 1176 2742 Sic
1209 2710 1247 2741 et
1274 2704 1489 2740 Ariovistus
1517 2705 1619 2751 apud

113 2775 207 2814 CaeS.
228 2775 275 2811 B.
298 2773 345 2812 G.
362 2776 395 2818 1,
415 2774 476 2818 36,
496 2771 697 2808 iYeminem
717 2783 842 2807 secum
862 2770 944 2806 sine
962 2782 1034 2805 sua
1048 2769 1209 2817 pernice
1229 2767 1480 2805 contendisse.
1539 2767 1619 2804 Ubi

109 2850 235 2876 secum
252 2837 405 2885 respicit
422 2836 671 2881 Ariovistum,
692 2835 762 2870 sud
781 2845 871 2872 vero
890 2831 1193 2871 neminem—C.

1379 2909 1413 2938 Y
