1889 3191
296 246 314 282 1
322 246 371 282 08
749 247 1026 288 SALLUSTII
1055 247 1321 287 CATILINA.

293 377 322 408 a
343 360 496 410 Gallia
531 362 746 411 obstant:
787 364 963 412 diutius
996 365 1046 412 in
1077 365 1153 412 his
1187 365 1301 413 locis
1335 381 1450 422 esse,
1489 365 1528 411 si
1561 367 1776 412 maxume

293 447 478 496 animus
501 448 632 505 ferat,
660 449 887 497 frumenti
910 457 1048 513 atque
1072 451 1266 498 aliarum
1289 467 1444 497 rerum
1469 456 1649 513 egestas
1671 466 1775 512 pro-

293 531 440 579 hibet.
512 533 815 597 Quocumque
839 534 906 580 ire
928 535 1092 596 placet,
1113 534 1235 581 ferro
1257 535 1346 581 iter
1361 534 1669 596 aperiundum
1692 541 1779 581 est.

295 617 591 681 Quapropter
612 634 694 665 vos
716 634 898 673 mone0,
919 619 991 665 uti
1012 619 1123 665 forti
1146 625 1283 681 atque
1301 625 1464 681 parato
1479 620 1634 666 animo
1649 619 1777 674 sitis;

295 709 357 758 et,
384 702 491 749 cum
514 702 731 764 praelium
765 703 960 758 inibitis‚
999 703 1320 759 memineritis,
1359 719 1441 750 vos
1465 704 1664 760 divitias,
1703 704 1780 751 de—

295 803 392 842 cus,
418 787 628 848 gloriam,
656 789 884 850 praeterea
916 789 1182 836 libertatem
1218 795 1357 853 atque
1380 791 1581 853 patriam
1600 791 1651 837 in
1673 791 1781 838 dex-

294 873 380 919 tris
402 880 606 935 portare.
685 874 736 920 Si
757 874 1001 930 vincimus,
1028 875 1185 922 omnia
1201 876 1337 922 nobis
1357 882 1474 932 tuta,
1494 883 1781 924 commeatus

295 957 497 1013 abunde,
525 957 718 1005 coloniae
742 965 879 1022 atque
903 959 1158 1023 municipia
1180 961 1423 1022 patebunt.
1439 961 1513 1008 sin
1534 968 1665 1008 metu
1687 977 1782 1009 ces-

296 1043 507 1099 serimus,
536 1043 697 1091 eadem
730 1044 830 1091 illa2
865 1045 1060 1092 advorsa
1082 1046 1234 1092 fiunt:
1272 1062 1422 1109 neque
1458 1046 1602 1103 locus,
1633 1062 1782 1109 neque

296 1129 473 1176 amicus
497 1130 744 1193 quisquam
768 1137 908 1193 teget,
937 1147 1076 1194 quem
1099 1148 1228 1179 arma
1250 1148 1346 1178 non
1369 1132 1586 1179 texerint.
1657 1132 1781 1178 Prae-

296 1216 434 1270 terea,
461 1216 648 1272 milites,
675 1233 771 1264 non
805 1217 977 1266 eadem.
999 1218 1135 1264 nobis
1160 1223 1206 1264 et
1240 1217 1332 1264 illis
1366 1218 1662 1265 necessitudo
1697 1219 1783 1265 im-

297 1300 487 1362 pendet.
511 1317 598 1348 nos
620 1318 705 1364 pro
728 1304 892 1365 patria,
920 1320 1004 1366 pro
1027 1304 1257 1359 libertate,
1285 1319 1370 1366 pro
1393 1303 1489 1350 vita
1517 1312 1749 1351 certamus
1770 1323 1781 1350 ι

296 1385 389 1433 illis
415 1403 806 1449 supervacaneum
831 1396 902 1436 est
925 1405 1133 1451 pugnare
1156 1405 1240 1451 pro
1274 1389 1485 1451 potentia
1509 1406 1781 1452 paucorum.

299 1474 403 1529 Quo
449 1474 670 1522 audacius
705 1475 1028 1538 adgredimini,
1066 1492 1294 1522 memores
1328 1476 1543 1538 pristinae
1578 1476 1782 1522 virtutis.

300 1558 455 1606 Licuit
479 1559 612 1607 nobis
637 1577 743 1608 cum
779 1561 962 1608 summa
996 1560 1288 1623 turpitudine
1316 1561 1367 1607 in
1402 1561 1561 1608 exsilio
1597 1568 1785 1608 aetatem

299 1660 461 1707 agere:
499 1645 721 1708 potuistis
755 1647 969 1692 nonnulli
996 1647 1175 1701 Romae,
1203 1647 1388 1693 amissis
1423 1647 1573 1702 bonis,
1613 1647 1784 1694 alienas

300 1746 410 1792 opes
434 1737 718 1792 exspectare.
789 1732 912 1786 Quia
934 1732 1013 1778 illa
1037 1732 1163 1779 foeda
1197 1739 1337 1793 atque
1361 1732 1653 1779 intoleranda
1674 1733 1786 1779 viris

298 1814 590 1872 videbantur,
628 1816 732 1864 haec
773 1817 905 1880 sequi
946 1817 1233 1865 decrevistis.
1305 1818 1354 1865 Si
1390 1818 1494 1865 haec
1528 1819 1786 1882 relinquere

300 1901 451 1956 voltis,
481 1901 673 1948 audacia
696 1918 814 1964 opus
839 1909 924 1949 est.
959 1919 1111 1958 nemo,
1139 1903 1232 1949 nisi
1265 1904 1427 1959 victor,
1464 1920 1577 1966 pace
1612 1904 1786 1950 bellum

301 1988 515 2034 mutavit.
575 1989 700 2034 Nam
723 1988 774 2034 in
797 1986 925 2050 fugi?
947 1989 1143 2035 salutem
1170 2004 1370 2050 sperare,
1389 1992 1495 2034 cum
1519 2005 1662 2044 arma,
1684 1987 1787 2051 quis

303 2089 470 2135 corpus
494 2073 704 2135 tegitur,⁴
726 2073 783 2120 ab
817 2073 1036 2121 hostibus
1071 2073 1307 2130 averteris,
1336 2090 1389 2120 ea
1421 2090 1529 2120 vero
1557 2073 1785 2121 dementia

356 2241 369 2262 ²
391 2242 456 2277 Sin
475 2247 575 2277 metu
595 2243 824 2289 cesserimus,
847 2244 974 2279 eadem
995 2243 1077 2288 illa,
1099 2241 1188 2292 &c.]
1221 2242 1462 2279 Hutchinson
1480 2254 1530 2279 on
1549 2242 1788 2289 Xenophon's

305 2307 480 2353 Αηιβαισ]
493 2308 557 2343 lib.
580 2309 614 2354 2,
636 2319 671 2355 p.
696 2310 782 2354 117,
803 2308 915 2346 refers
933 2310 998 2346 the
1016 2310 1143 2345 reader
1161 2313 1200 2345 to
1219 2309 1282 2344 the
1310 2313 1397 2344 note
1416 2308 1458 2344 of
1473 2308 1622 2346 Cottius
1647 2319 1696 2345 on
1714 2309 1790 2344 this

303 2372 519 2422 place.-C.

356 2438 371 2461 ⁸
395 2439 498 2476 Nam
528 2436 689 2485 infuyci,
723 2436 808 2487 δια]
842 2437 910 2476 See
941 2439 1005 2474 the
1039 2439 1170 2485 speech
1202 2437 1244 2473 of
1266 2437 1330 2473 the
1360 2436 1466 2485 King
1498 2436 1540 2473 of
1553 2436 1720 2484 Assyria,
1750 2437 1790 2472 in

305 2505 451 2551 Xenop.
475 2507 614 2553 Kveoae.
636 2501 699 2537 lib.
722 2502 756 2547 3,
779 2512 891 2548 prope
919 2503 1031 2538 finem
1061 2514 1131 2538 sec.
1154 2502 1214 2546 24,
1237 2516 1351 2552 μωξον
1375 2500 1449 2552 γὰρ
1481 2500 1522 2537 τὸ
1542 2516 1685 2552 neae-ew
1704 2505 1789 2545 βου-

307 2578 487 2617 λαμενους,
510 2569 560 2606 τὰ
583 2575 712 2616 τυφλα
734 2567 798 2604 τοῦ
817 2567 987 2615 σώματος
1009 2568 1074 2605 καὶ
1095 2577 1226 2605 αοπλαι
1257 2570 1321 2606 καὶ
1345 2569 1484 2622 ἄχειξα
1505 2585 1632 2607 ταυτα
1651 2585 1790 2606 emm-uz

307 2650 457 2673 ταττειν
479 2651 549 2676 τοις
571 2643 770 2682 πολεμιοις,
789 2634 855 2671 διο.
915 2635 981 2672 See
1000 2635 1090 2681 Jug.
1112 2646 1141 2670 c.
1167 2637 1253 2680 107,
1273 2636 1313 2671 in
1333 2636 1396 2671 the
1414 2635 1733 2683 beginning—C.

357 2701 371 2723 ⁴
398 2701 492 2744 Quis
513 2713 648 2749 corpus
668 2699 841 2751 teyitur.]
882 2700 976 2743 Quis
1004 2700 1035 2736 is
1063 2701 1148 2736 here
1176 2705 1245 2747 put
1271 2699 1327 2736 for
1355 2701 1490 2747 quibus
1517 2711 1617 2737 more
1646 2699 1789 2737 Sallus-

306 2767 531 2807 tiano.—M.
