1889 3191
501 226 780 267 SALLUSTII
806 226 831 262 J
836 224 1224 264 UGURTHINUM.
1536 224 1611 259 219

116 348 230 394 aviis
254 346 499 394 itineribus
533 345 776 407 ignoratus
803 341 1042 389 Romanos
1077 341 1281 403 palantis
1305 346 1498 402 repente
1534 341 1613 386 ad-

114 434 340 497 greditur.
367 449 528 479 eorum
563 431 771 494 plerique
805 430 1007 476 inermes
1043 427 1230 482 cadunt,
1261 425 1400 472 multi
1424 425 1614 489 capiun-

115 526 222 564 tur:
261 534 399 565 nemo
424 517 635 564 omnium
670 518 875 563 intactus
910 515 1135 579 profugit,
1174 520 1221 561 et
1253 513 1493 570 Numidae,
1522 516 1615 577 pri-

114 620 313 666 usquam
358 619 414 650 ex
459 604 625 650 castris
673 603 1014 658 subveniretur,
1056 601 1194 648 sicuti
1223 600 1347 664 jussi
1382 607 1527 656 erant,
1566 601 1615 647 in

113 705 368 752 proxumos
393 689 523 736 collis
556 689 817 736 discedunt.

180 774 281 821 LV.
317 775 515 821 Interim
541 776 708 822 Romae
743 775 968 838 gaudium
1003 775 1170 838 ingens
1206 780 1376 830 ortum,
1413 774 1615 839 cognitis

116 859 301 907 Metelli
324 861 462 908 rebus
485 880 494 907 :
533 867 587 907 ut
611 878 752 924 seque
777 869 823 907 et
848 863 1103 908 exercitum
1129 878 1258 908 more
1281 861 1514 924 majorum
1539 877 1616 924 ge-

115 952 266 1002 reret3
294 946 343 992 in
367 946 567 994 advorso
591 947 706 1003 loco,
734 947 882 994 victor
905 953 1063 994 tamen
1078 947 1252 994 virtute
1270 947 1438 994 fuisset
1461 967 1472 1001 3
1506 947 1615 994 hos-

115 1031 235 1078 tium
282 1049 393 1095 agro
427 1033 693 1096 potiretur;
739 1034 770 1081 J
774 1034 1028 1095 ugurtham
1062 1033 1365 1096 magnifieum
1413 1049 1470 1079 ex
1506 1033 1617 1078 Auli

116 1118 339 1173 socordia,
369 1134 502 1180 spem
544 1118 708 1164 salutis
745 1119 794 1165 in
830 1119 1096 1173 solitudine,
1126 1127 1208 1165 aut
1242 1117 1355 1180 fuga,
1389 1118 1619 1180 coegisset

114 1204 302 1251 habere.
370 1205 538 1268 Itaque
564 1212 768 1261 senatus,
800 1220 868 1251 οΒ
909 1222 976 1252 EA
1015 1220 1312 1251 FELICITER
1347 1219 1497 1260 ACTA,
1529 1219 1616 1250 ms

118 1307 543 1338 rMMOR‘rALIBth
579 1306 862 1339 SUPPLICIA
902 1306 1274 1338 DECERNERE:
1317 1290 1480 1338 civitas
1527 1297 1618 1336 tre-

115 1375 227 1438 pida
250 1377 398 1431 antea,
427 1383 474 1423 et
498 1376 696 1423 sollicita
720 1376 777 1423 de
801 1376 912 1423 belli
935 1383 1119 1431 eventU,
1149 1376 1260 1422 laeta
1283 1391 1419 1438 agere
1441 1395 1450 1421 :
1491 1375 1617 1422 fama

114 1459 173 1507 de
196 1460 392 1507 Metello
415 1461 642 1524 praeclara
676 1478 793 1509 esse.
866 1462 1020 1524 Igitur
1055 1462 1109 1508 eo
1130 1460 1356 1508 intentior
1392 1460 1452 1507 ad
1474 1461 1618 1507 vieto-

114 1546 233 1594 riam
273 1546 397 1602 niti,l
421 1548 639 1594 omnibus
675 1547 827 1594 modis
853 1548 1089 1603 festinare,
1130 1563 1290 1595 cavere
1325 1553 1499 1603 tamen,
1539 1563 1618 1594 ne-

114 1629 224 1676 cubi
259 1629 387 1676 hosti
421 1637 716 1693 opportunus
751 1631 913 1677 fieret:
952 1631 1238 1687 meminisse,
1277 1638 1386 1694 post
1420 1631 1617 1695 gloriam

115 1713 341 1764 invidiam
382 1715 528 1778 sequi.
609 1717 682 1762 Ita
718 1717 807 1779 quo
846 1716 1025 1773 clarior,
1055 1718 1109 1765 eo
1131 1716 1281 1781 magis
1307 1719 1474 1766 anxius
1500 1725 1613 1775 erat,

113 1815 265 1863 neque
288 1806 397 1863 post
432 1800 627 1848 insidias
653 1802 908 1863 Jugurthae
944 1803 1092 1850 effuso
1129 1804 1336 1851 exercitu
1370 1804 1609 1867 praeclari:

116 1885 199 1932 ubi
223 1885 474 1942 frumento,
503 1893 584 1933 aut
607 1887 780 1950 pabulo
815 1904 935 1950 opus
960 1895 1073 1944 erat,
1104 1889 1321 1937 cohortes
1357 1907 1464 1937 eum
1490 1892 1619 1938 omni

115 1971 350 2040 equitatu2
384 1972 662 2038 praesidium
697 1973 968 2041 agitabant:
1007 1975 1239 2023 exercitus
1274 1982 1458 2040 partem
1497 1977 1612 2040 ipse,

171 2165 254 2202 LV.
285 2163 297 2185 ¹
321 2165 447 2212 Iyz'tur
481 2179 521 2203 eo
550 2168 733 2204 intentior
771 2169 827 2204 ad
857 2168 1058 2205 victoriam
1096 2167 1203 2218 nint]
1236 2168 1324 2204 Vid.
1360 2168 1530 2205 Perizon.
1570 2169 1620 2204 ad

117 2230 245 2267 AElian
265 2236 410 2268 Ποικιλ.
440 2243 506 2268 seu
523 2231 616 2267 Var.
637 2231 781 2268 Histor.
802 2231 865 2268 lib.
890 2233 924 2276 3,
951 2233 1009 2278 15,
1031 2232 1155 2268 where
1183 2233 1231 2268 he
1260 2232 1350 2268 cites
1373 2232 1479 2269 these
1497 2232 1621 2268 words

116 2296 159 2332 of
173 2306 242 2333 our
260 2297 414 2342 author-3
445 2295 521 2332 and
551 2295 757 2332 “occultus
784 2296 947 2341 veniat,''
967 2296 1006 2331 in
1034 2295 1123 2343 Jug.
1154 2306 1184 2331 c.
1210 2295 1271 2331 61.
1330 2294 1368 2331 It
1395 2295 1427 2331 is
1454 2294 1620 2342 scarcely

117 2371 313 2409 necessary
331 2365 371 2397 to
390 2361 546 2397 observe
563 2360 650 2396 that
668 2361 773 2396 these
792 2361 996 2408 adjectives
1015 2371 1077 2396 are
1096 2360 1212 2396 taken
1227 2359 1473 2408 adverbially.
1531 2359 1620 2396 Vid.

117 2427 284 2471 segetem
302 2423 565 2470 exemplorum
593 2423 695 2470 apud
713 2423 899 2460 Vechner.
932 2422 1173 2459 Hellenolex.
1202 2434 1264 2469 pp.
1289 2423 1376 2469 133,
1411 2423 1499 2459 134.
1573 2423 1622 2460 So

116 2486 197 2524 also
214 2488 256 2523 in
289 2487 449 2524 Italian:
480 2486 608 2532 Tasso,
632 2486 877 2523 Gierusalem.
901 2487 1063 2523 Liberat.
1086 2490 1185 2523 cant.
1208 2487 1242 2532 2,
1265 2490 1386 2523 stanz.
1409 2487 1515 2523 56-

456 2571 480 2590 “
494 2569 564 2605 Ed
575 2582 672 2616 nom,
695 2569 762 2606 che
781 2570 882 2606 lento
901 2584 927 2606 α
946 2582 1014 2606 suo
1035 2569 1193 2617 diporti,
1217 2569 1281 2605 &c.

498 2622 546 2661 Se
559 2626 666 2670 parte
684 2624 902 2670 mattutino,
925 2635 947 2660 a
965 2634 1078 2670 nona,
1104 2622 1191 2659 &c.‘’

120 2698 213 2736 This
230 2698 264 2736 is
282 2697 438 2746 Virgil’s
456 2697 668 2734 matutinus
687 2697 943 2735 AEneas.—C.

172 2761 189 2783 ²
214 2762 398 2800 Cohortes
418 2774 500 2797 cum
521 2762 624 2798 omni
642 2759 851 2811 equitatu]
885 2760 983 2799 Socii
1002 2771 1148 2809 nempe,
1170 2759 1251 2798 sive
1270 2758 1538 2797 auxilia-M.
