1889 3191
276 243 323 281 72
727 242 1003 282 SALLUSTII
1032 242 1297 282 CATILINA-

277 357 369 406 Sed
403 357 582 406 urbana
621 358 794 422 plebes,
834 376 889 407 ea
922 362 1029 408 vero
1068 377 1277 423 praeceps
1314 360 1448 408 ierat*
1487 360 1649 407 multis
1693 360 1751 407 de

272 442 467 491 caussis.
535 442 747 490 Primum
795 444 1019 500 omnium,
1061 444 1141 507 qui
1184 445 1355 507 ubique
1398 445 1568 508 probro
1614 451 1752 508 atquc

269 527 529 590 petulentia
550 528 765 574 maxume
800 528 1119 590 praestabant;
1156 528 1270 575 item
1310 529 1389 575 alii
1409 545 1493 591 per
1529 529 1754 576 dedecora

271 612 564 675 patrimoniis
600 611 812 666 amissis;
857 613 1110 674 postremo,
1156 628 1317 660 omnes
1365 630 1482 676 quos
1520 613 1753 677 flagitium

269 703 351 743 aut
374 696 554 744 facinus
578 695 717 743 domo
741 695 994 758 expulerat,
1034 696 1069 741 ii
1091 696 1305 752 Romam,
1347 697 1486 744 sicuti
1523 698 1574 744 in
1613 698 1753 745 senti-

268 798 378 829 nam
423 781 758 828 confiuxerant.
851 779 1048 834 Deinde,
1091 780 1230 826 multi
1272 797 1502 828 memores
1548 783 1752 830 Sullanae

267 865 488 920 victoriae,
510 865 633 928 quod
657 881 714 911 ex
735 863 959 927 gregariis
977 864 1207 910 militibus
1224 864 1340 911 alios
1361 865 1608 912 Senatores
1629 866 1754 913 vide-

268 951 396 1006 bant,
429 950 542 996 alios
563 950 630 996 ita
653 949 834 1005 divites,
860 948 932 995 uti
955 948 1082 1010 regio
1104 948 1231 995 victu
1254 956 1392 1012 atque
1415 949 1546 996 cultu
1567 955 1755 997 aetatem

269 1042 472 1098 agerent,
502 1035 591 1081 sibi
614 1034 825 1098 quisque,
854 1034 894 1080 si
915 1033 965 1080 in
989 1034 1130 1080 armis
1154 1032 1320 1089 forent,
1349 1049 1406 1081 ex
1427 1034 1621 1081 victoria
1641 1034 1756 1081 talia

271 1120 534 1183 sperabant.
601 1118 834 1165 Praeterea
867 1118 1104 1181 juventuS,
1143 1134 1248 1180 quae
1280 1117 1330 1164 in
1364 1118 1502 1180 agris,
1529 1135 1755 1165 manuum

269 1204 496 1260 mercede,
523 1203 730 1266 inopiam
753 1203 1041 1257 toleraverat,
1069 1201 1261 1265 privatis
1285 1209 1423 1265 atque
1445 1203 1646 1265 publicis
1668 1203 1755 1250 lar-

270 1289 523 1352 gitionibus
548 1289 710 1343 excita,
749 1288 980 1334 urbanum
1004 1287 1152 1333 otium
1192 1286 1376 1348 ingrato
1409 1287 1559 1333 labori
1582 1293 1756 1349 praetu·

269 1374 436 1421 lerant.
478 1390 556 1420 eos
593 1380 732 1436 atque
772 1372 886 1418 alios
923 1387 1084 1418 omnes
1119 1370 1296 1416 malum
1320 1371 1560 1433 publicum
1584 1371 1752 1418 alebat.

272 1459 375 1515 Quo
396 1458 552 1506 minus
575 1457 855 1512 mirandum,
884 1456 1097 1503 homines
1122 1455 1315 1519 egentis,
1358 1455 1495 1502 malis
1528 1455 1751 1511 moribus,

322 1618 434 1655 Addo
448 1618 718 1655 Tribonianum
745 1617 785 1653 in
804 1616 1111 1653 Institutionibus
1128 1614 1153 1651 J
1156 1615 1383 1651 ustinianeis.
1418 1615 1490 1651 Tit.
1512 1615 1647 1663 quibus
1665 1615 1754 1653 alie-

271 1692 360 1719 nare
383 1681 489 1727 licet3
518 1684 600 1718 sine
629 1680 730 1717 omni
758 1680 909 1724 damno,
932 1679 1032 1726 quod
1050 1678 1279 1725 Theophilus
1297 1678 1410 1715 vertit
1429 1675 1525 1727 δίχα
1545 1678 1666 1720 πάσης
1685 1675 1754 1716 δαι-

272 1745 402 1786 mim.
478 1744 587 1781 Addo
617 1749 655 1780 et
675 1742 929 1790 Capitolinum
948 1743 987 1777 in
1007 1741 1098 1777 Pio:
1128 1741 1221 1785 vini,
1243 1741 1326 1786 olei,
1355 1746 1393 1778 et
1423 1744 1538 1779 tritici
1555 1744 1751 1790 penuriam

271 1821 337 1857 per
355 1808 475 1846 aerarii
494 1807 552 1844 sui
572 1808 714 1842 damna
743 1806 908 1849 emendo,
929 1809 967 1840 et
981 1804 1101 1851 gratis
1119 1804 1255 1850 populo
1275 1805 1409 1848 dando,
1430 1807 1586 1843 sedavit.
1642 1806 1752 1843 Addo

274 1877 313 1908 et
330 1876 494 1908 veterem
513 1869 664 1905 Horatii
692 1869 942 1914 interpretem,
978 1867 1026 1902 ad
1056 1867 1126 1903 hoc
1157 1877 1208 1902 ex
1227 1866 1346 1912 Epist.
1371 1869 1430 1913 14,
1451 1868 1515 1904 lib.
1539 1870 1574 1905 2.
1633 1868 1754 1913 Quem

272 1935 344 1971 scis
361 1934 568 1969 immunem
595 1931 755 1978 Cynarae
784 1929 965 1976 placuisse
989 1929 1126 1975 rapaci.
1186 1928 1392 1964 Immunem
1411 1930 1489 1967 sine
1507 1932 1655 1978 damno,
1677 1934 1756 1970 sine

274 1997 391 2041 donis,
423 1996 501 2032 sine
534 2004 696 2030 munere.
754 1992 847 2028 Inde
875 1996 912 2028 et
940 1992 1144 2027 damnosus
1163 2002 1228 2038 pro
1248 1997 1440 2029 sumtuoso
1458 1994 1559 2040 apud
1578 1994 1760 2032 Plautum

272 2061 313 2096 in
345 2057 517 2096 Pseudol.
552 2059 585 2102 1,
622 2057 657 2092 5.
726 2055 767 2092 Si
798 2055 843 2090 de
873 2054 1060 2090 damnosis
1088 2054 1196 2098 natis,
1232 2058 1269 2090 et
1298 2056 1527 2092 amatoribus
1561 2055 1637 2107 (ita
1667 2057 1761 2106 legit

277 2119 455 2170 Guietus)
486 2121 658 2158 Dictator
684 2119 753 2154 fiat
783 2129 885 2154 nunc
915 2117 1075 2154 Athenis
1105 2116 1252 2161 Atticis,
1287 2117 1409 2153 Nemo
1445 2120 1640 2156 antecedat
1670 2120 1758 2166 filio,

274 2186 393 2230 credo,
410 2196 505 2221 meo.
540 2183 589 2219 Et
608 2182 707 2229 apud
726 2181 751 2218 J
753 2180 951 2217 uvenalem
966 2179 1083 2215 :—-Et
1101 2180 1232 2216 erescit
1246 2179 1368 2216 multa
1386 2180 1590 2217 damnosus
1603 2193 1758 2230 papyro.

277 2248 378 2284 Hinc
408 2252 446 2284 et
479 2247 658 2282 damnose
676 2256 743 2292 pro
780 2240 984 2287 sumtuose,
1007 2243 1106 2289 apud
1139 2242 1274 2278 Horat.
1307 2242 1348 2278 in
1382 2242 1633 2290 Semonibus,
1665 2247 1701 2291 2,
1723 2247 1759 2282 5.

279 2310 405 2355 “Nos,
425 2310 497 2346 nisi
525 2310 704 2344 damnose
718 2307 893 2351 bibimus,
914 2306 1115 2341 moriemur
1133 2304 1253 2341 inulti.
1310 2304 1348 2340 A
1367 2305 1546 2341 damnum
1560 2304 1683 2353 porro,
1704 2312 1761 2345 oet

276 2374 436 2410 verbum
454 2372 650 2415 damnare,
681 2382 733 2406 ex
751 2380 825 2416 quo
844 2368 1054 2413 damnatio,
1085 2378 1162 2403 non
1194 2368 1241 2403 ab
1269 2368 1504 2414 ademptione
1534 2370 1760 2417 patrimonii,

278 2437 378 2485 quod
408 2434 560 2472 volebat
589 2431 741 2469 Paulus.
798 2431 849 2466 Et
878 2431 967 2468 vere
999 2429 1254 2474 Quintilianus
1272 2429 1312 2465 in
1331 2429 1540 2467 Declamat.
1596 2431 1693 2468 Mihi
1711 2444 1763 2470 ex

277 2500 357 2545 hoc,
393 2498 493 2546 quod
525 2496 707 2543 plerisque
739 2493 955 2530 criminibus
986 2504 1098 2539 poena
1125 2493 1396 2539 imponebatur,
1431 2493 1619 2540 appellata
1649 2495 1762 2532 etiam

279 2561 478 2597 damnatio
505 2558 690 2596 videtur.”
744 2557 850 2594 Thus
883 2556 941 2592 far
971 2557 1036 2592 the
1063 2555 1212 2603 elegant
1244 2556 1320 2592 and
1350 2557 1493 2593 erudite
1521 2557 1762 2606 etymologist

281 2621 591 2670 Menagius.—C.

333 2684 347 2706 ⁴
376 2685 551 2730 Praeceps
569 2680 702 2732 ierat]
732 2678 941 2730 Eleganter
969 2681 1122 2718 denotat
1138 2681 1302 2729 perditas
1326 2692 1454 2719 eorum
1480 2681 1676 2718 hominum
1694 2693 1759 2718 cu-

284 2745 581 2797 piditatesffl-M.
