1889 3191
299 311 316 344 1
326 311 343 345 1
350 310 372 345 2
750 306 1026 345 SALLUSTII
1055 305 1320 344 CATILINA.

293 423 501 470 hostium
525 423 770 470 exercitus.
841 423 1098 485 Postquam
1121 423 1174 469 eo
1196 427 1403 478 ventum,
1430 420 1554 468 unde
1577 436 1605 468 a
1626 420 1775 468 feren-

293 507 444 556 tariis2
466 508 683 571 praelium
706 507 937 554 committi
972 513 1147 569 posset,
1174 523 1392 554 maxumo
1426 507 1641 563 clamore,
1667 522 1774 554 cum

293 677 378 712 dem
397 674 475 712 Ecl.
495 687 533 712 v.
556 677 617 721 62,
639 674 714 711 and
732 672 810 710 Ecl.
834 674 868 719 9,
889 684 926 709 v.
949 673 1011 709 20.
1034 672 1118 709 Hoc
1136 673 1246 709 modo
1259 673 1420 721 intelligi
1437 673 1550 710 etiam
1564 674 1673 710 debet
1690 683 1776 710 ver-

293 754 356 780 sus
376 744 438 789 28,
467 743 508 777 in
527 741 663 786 Culice,
689 740 772 776 Nec
800 739 1032 776 Centaureos
1052 738 1249 786 Lapithas
1278 739 1468 787 compellit
1494 739 1535 776 in.
1561 752 1675 786 enses,
1696 739 1721 776 i.
1744 753 1774 777 e.

292 808 372 844 Nec
390 806 491 843 canit
509 806 548 841 in
567 816 671 841 enses
699 815 776 840 esse
803 803 1024 849 compulsos.
1083 803 1176 838 Hor.
1197 802 1259 839 lib.
1284 804 1318 847 1,
1343 802 1422 840 Sat.
1447 805 1506 849 10,
1526 816 1564 841 v.
1595 805 1656 850 36,
1679 804 1775 840 Tur-

291 872 402 918 gidus
420 869 582 915 Alpinus
596 867 751 916 jugulat
769 868 858 902 dum
879 866 1091 910 Memnona,
1120 867 1284 913 dumque
1299 866 1474 914 Diffingit
1493 867 1615 903 Rheni
1631 867 1776 903 luteum

291 939 421 981 caput;
450 934 476 970 i.
494 947 524 970 e.
546 935 649 970 Dum
682 934 775 970 adeo
805 932 901 968 male
934 932 1109 968 describit
1139 936 1182 968 ut
1201 932 1381 968 Memnon
1413 932 1550 969 iterum
1582 933 1778 970 scribentis

292 1000 391 1047 stylo
407 999 575 1047 jugulari
594 1003 707 1045 atque
726 997 820 1034 alius
840 997 927 1032 oriri
948 996 1113 1041 Rhenus,
1130 1007 1204 1031 non
1225 993 1244 1031 ἐ
1265 996 1441 1042 fontibus,
1463 997 1527 1033 sed
1545 996 1700 1034 lacubus
1718 997 1776 1034 la-

291 1064 468 1110 cunisque
486 1063 607 1099 videri
625 1062 753 1108 possit.
810 1060 951 1095 Eodem
970 1059 1146 1106 loquendi
1164 1070 1298 1106 genere
1317 1060 1436 1095 utitur
1454 1059 1640 1097 Martialis
1656 1060 1720 1097 lib.
1737 1062 1774 1106 4,

292 1127 375 1174 Epi.
400 1128 460 1163 14.
483 1126 605 1164 Simili
634 1124 823 1172 elegantia
853 1124 953 1159 dixit
983 1124 1024 1159 L.
1059 1123 1235 1160 AEmilius
1266 1125 1367 1170 apud
1387 1123 1469 1160 Liv.
1488 1124 1553 1160 lib.
1574 1125 1637 1170 44,
1658 1136 1689 1161 c.
1712 1125 1776 1170 22,

294 1192 315 1210 “
331 1190 378 1226 In
397 1190 569 1226 omnibus
588 1188 745 1233 circulis,
767 1192 880 1234 atque
899 1187 1024 1232 etiam,
1046 1188 1077 1223 si
1095 1187 1165 1222 diis
1185 1187 1315 1233 placet,
1337 1188 1377 1223 in
1395 1189 1577 1224 conviviis
1595 1192 1695 1234 sunt,
1712 1189 1776 1236 qui

291 1254 479 1290 exercitus
498 1253 535 1288 in
555 1251 817 1288 Macedoniam
848 1250 1022 1286 ducant.”
1080 1250 1141 1286 Ita
1173 1251 1286 1286 etiam
1318 1252 1494 1288 dicuntur
1522 1252 1688 1288 historici
1715 1263 1778 1289 eos

290 1319 453 1355 occidere
484 1329 643 1365 quorum
662 1317 800 1352 caedem
819 1319 997 1359 narrant.;
1027 1315 1136 1361 quale
1155 1319 1210 1350 est
1229 1315 1323 1350 illud
1350 1315 1669 1363 elegantissimum
1697 1316 1776 1352 dic-

289 1390 372 1421 tum
392 1394 414 1420 a
433 1383 634 1419 Plutarcho
653 1384 692 1418 in
711 1381 938 1427 Artaxerxe,
961 1393 990 1416 e.
1016 1383 1075 1427 14,
1097 1393 1132 1427 p.
1158 1383 1270 1427 1016,
1293 1381 1350 1418 De
1367 1382 1500 1428 Ctesia,
1522 1382 1586 1429 qui
1606 1381 1698 1429 Cyri
1716 1381 1775 1416 in·

289 1451 442 1487 tei-Itum
460 1449 574 1496 longa
591 1449 791 1484 verborum
811 1447 970 1493 ambage
990 1451 1217 1491 narraverat,
1240 1450 1276 1482 et
1295 1447 1400 1493 quasi
1413 1447 1579 1483 fabulam
1597 1448 1636 1483 in
1651 1447 1776 1483 varios

288 1521 393 1552 actus
412 1516 651 1550 distraxerat.
712 1513 872 1552 Τοιοῦτος
900 1512 975 1558 μὲν,
999 1513 1131 1560 inquit,
1164 1511 1362 1551 §Rq-mim)
1391 1513 1515 1560 λὸγος,
1549 1512 1580 1562 ᾇ
1606 1514 1776 1565 καθάπερ

289 1583 437 1629 ἀμβλεῖ
451 1577 585 1628 ξιφιδῖω
604 1589 711 1627 μολις
734 1580 882 1632 ἀναιρῶν
905 1579 963 1616 τὸν
985 1578 1163 1631 ἄνθρωπον
1184 1581 1342 1632 ὦνῃςεκε.
1402 1581 1495 1618 Haec
1523 1586 1612 1618 Sunt
1640 1582 1776 1619 Ctesiae

288 1650 413 1694 verba,
435 1649 570 1696 quibus
589 1650 695 1695 quasi
715 1649 890 1695 plumbeo
918 1649 1044 1695 gladio
1063 1649 1134 1684 vix
1162 1649 1315 1684 tandem
1342 1648 1566 1684 interficiens
1583 1647 1774 1683 hominem

287 1725 373 1750 eum
393 1713 556 1750 sustulit.
615 1713 731 1749 Plane
751 1714 862 1748 miror
882 1712 1005 1759 lapsos
1032 1713 1092 1749 hic
1112 1723 1189 1749 esse
1208 1713 1335 1748 doctos
1361 1712 1531 1748 homines
1557 1715 1637 1747 tam
1655 1707 1771 1756 faede;

287 1791 376 1817 nam
396 1780 479 1826 quis
498 1780 588 1816 adeo
607 1780 646 1815 in
665 1779 782 1815 literis
801 1779 934 1824 hospes
954 1782 991 1814 et
1009 1779 1236 1825 peregrinus,
1258 1778 1317 1814 cui
1335 1789 1411 1814 non
1425 1777 1499 1813 sint
1518 1777 1588 1813 hoc
1598 1776 1774 1824 loquendi

287 1853 421 1891 genere
440 1842 537 1878 tritae
557 1839 693 1878 aures?
748 1842 851 1877 Thus
870 1841 926 1876 far
954 1842 1039 1877 that
1057 1846 1164 1888 great
1191 1853 1304 1886 man,
1334 1846 1373 1877 to
1400 1841 1524 1877 which
1544 1840 1563 1876 Ι
1582 1851 1672 1887 may
1700 1840 1773 1876 add

290 1907 528 1944 Hutchinson
547 1919 596 1942 on
625 1907 796 1953 Xenoph.
821 1909 934 1949 Αναβ.
957 1907 1020 1943 lib.
1046 1908 1077 1951 1,
1100 1917 1134 1952 p.
1158 1908 1219 1951 29,
1251 1907 1325 1942 and
1345 1905 1494 1943 Cortius
1521 1916 1569 1941 on
1595 1905 1685 1953 Jug.
1709 1906 1770 1951 26,

289 1971 349 2007 76.
409 1970 476 2007 See
496 1970 687 2006 Minucius
706 1971 816 2007 Felix
834 1972 873 2007 in
894 1971 1027 2008 Oetav.
1049 1982 1079 2007 e.
1105 1971 1166 2016 22,
1188 1970 1370 2017 speaking
1388 1969 1430 2005 of
1445 1968 1596 2014 Homer,
1620 1968 1773 2005 Saucia-

285 2034 343 2070 vit
362 2034 558 2080 Venerem,
580 2035 743 2072 Martem
762 2036 900 2080 vinxit,
926 2035 988 2071 &c.
1048 2034 1115 2071 See
1143 2034 1222 2070 also
1243 2032 1505 2069 Broukhusius
1533 2043 1582 2068 on
1600 2031 1770 2079 Propert.

285 2099 348 2135 lib.
374 2099 409 2142 1,
430 2098 534 2146 Eleg.
555 2101 587 2144 7,
613 2101 645 2134 1.
705 2099 771 2136 See
793 2099 873 2135 Liv.
895 2099 958 2134 lib.
982 2100 1016 2143 5,
1038 2110 1068 2134 c.
1092 2099 1153 2143 50,
1170 2097 1330 2135 Senatus
1349 2095 1561 2132 consultum
1578 2095 1679 2141 facit,
1694 2095 1720 2132 i.
1741 2107 1771 2130 e.

287 2163 515 2198 Faciendum
535 2166 654 2200 curat.
714 2163 770 2199 Id.
793 2163 856 2200 lib.
878 2164 914 2208 4,
936 2174 966 2198 c.
992 2164 1051 2208 11,
1074 2162 1213 2198 Fabius
1232 2166 1269 2198 et
1288 2161 1449 2197 Ebutius
1476 2159 1645 2196 consules
1663 2171 1771 2196 sena-

286 2231 348 2261 tus
367 2225 577 2261 consultum
588 2228 778 2274 fecerunt.
837 2225 892 2261 Id.
914 2226 977 2262 lib.
1001 2227 1034 2270 5,
1052 2237 1082 2261 c.
1107 2228 1140 2271 1,
1163 2225 1395 2277 Triumviros
1409 2233 1499 2271 agro
1517 2223 1640 2259 dando
1659 2227 1769 2268 creat,

285 2291 308 2326 ἰ,
327 2303 356 2325 e.
380 2291 568 2328 Creandos
587 2296 694 2328 curat
712 2292 851 2337 consul,
873 2292 948 2326 and
967 2291 1173 2327 elsewhere.
1232 2289 1300 2326 See
1311 2289 1389 2325 also
1406 2288 1573 2324 Perizon.
1587 2299 1636 2324 on
1647 2288 1770 2324 Elian.

285 2354 375 2390 Var.
397 2354 500 2390 Hist.
524 2356 584 2400 14,
606 2357 680 2400 493
710 2355 734 2391 J
739 2367 800 2402 ug.
822 2366 852 2390 c.
876 2356 937 2399 22,
961 2353 1100 2390 Omnes
1119 2354 1275 2400 puberes
1295 2352 1489 2396 interfecit,
1513 2351 1538 2386 ἰ.
1553 2362 1582 2385 e.
1606 2350 1771 2386 Interfici

281 2418 419 2464 jussit3
441 2419 515 2454 and
534 2429 584 2463 so,
606 2431 637 2454 c.
660 2420 721 2464 54,
745 2418 907 2454 Puberes
926 2417 1117 2464 interficit,
1140 2417 1262 2452 where
1281 2416 1452 2452 Kritzius
1470 2415 1577 2450 reads
1599 2412 1772 2461 Inter-fici

276 2482 396 2528 jubet,
419 2482 492 2519 alia
509 2483 636 2520 omnia
653 2484 820 2519 militum
839 2483 1004 2528 praedam
1023 2492 1121 2525 esse3
1152 2482 1226 2516 and
1244 2481 1313 2517 has
1341 2492 1364 2516 a
1381 2480 1472 2527 long
1490 2479 1563 2516 and
1591 2489 1770 2514 unneces-

286 2555 372 2591 sary
391 2550 486 2591 note,
508 2546 633 2581 which
654 2546 673 2581 I
692 2547 787 2582 wish
805 2547 851 2581 he
870 2546 945 2580 had
972 2545 1064 2590 kept
1085 2544 1222 2579 “intra
1249 2544 1454 2590 penetralia
1473 2542 1631 2588 vestae;’'
1659 2542 1716 2578 for
1743 2541 1776 2577 if

287 2609 453 2646 Petreius
472 2609 564 2646 tuba
583 2611 734 2658 signum
753 2612 833 2655 dat,
855 2611 929 2646 and
948 2610 1103 2656 puberes
1135 2609 1338 2658 interfecit,
1358 2608 1400 2646 in
1418 2608 1444 2645 J
1448 2621 1508 2656 ug.
1531 2609 1593 2653 22,
1615 2608 1661 2643 be
1688 2618 1771 2643 eor-

285 2676 371 2715 rect,
396 2672 414 2707 Ι
433 2684 494 2707 am
514 2673 677 2709 satisfied
695 2674 781 2709 that
801 2673 963 2709 Puberes
981 2672 1172 2719 interficit,
1194 2684 1224 2708 c.
1243 2673 1304 2717 54,
1325 2672 1357 2708 is
1375 2683 1416 2708 as
1434 2671 1532 2718 good
1545 2669 1767 2706 Latin-C.

337 2735 352 2757 ²
372 2736 410 2771 F
408 2738 645 2787 erentariis]
678 2740 756 2775 The
776 2739 982 2775 Ferentarii
1000 2749 1095 2773 were
1123 2738 1222 2785 light
1240 2738 1368 2774 armed
1395 2736 1557 2781 soldiers,
1578 2735 1674 2780 who,
1703 2735 1768 2771 be-

283 2801 360 2838 fore
379 2802 442 2838 the
462 2802 674 2838 institution
702 2803 743 2838 of
757 2803 821 2838 the
839 2802 992 2847 Velites,
1023 2802 1114 2838 used
1142 2806 1180 2837 to
1208 2802 1320 2849 begin
1344 2802 1409 2838 the
1435 2799 1563 2845 battle,
1584 2799 1678 2836 with
1706 2799 1770 2835 the
