1889 3191
520 185 798 223 SALLUSTII
826 186 852 222 J
856 185 1148 223 UGURTHIN
1149 185 1243 222 ΠΜ.
1557 188 1574 221 1
1582 188 1629 222 77

131 303 339 349 animum
364 302 666 349 accendebat.
739 302 831 349 Sed
855 301 1077 365 quoniam
1102 304 1155 348 ea
1179 307 1459 363 tempestate
1476 302 1630 347 Mem-

129 388 214 435 mii
235 388 455 435 facundia
495 389 620 436 clara
654 388 933 452 pollensque
972 387 1091 443 fuit3
1124 387 1287 435 decere
1333 387 1626 442 existumavi,

128 487 272 518 unam
295 487 353 518 ex
374 477 473 519 tam
509 471 672 518 multis
708 471 968 518 orat-ionem
992 469 1279 533 perscribere
1301 489 1310 516 :
1350 485 1403 516 ac
1425 469 1628 532 potissu-

128 558 275 612 mum,
302 573 409 620 quae
446 557 497 604 in
537 555 781 604 concione2
805 563 915 620 post
949 555 1154 603 reditum
1178 554 1370 611 Bestiae,
1413 553 1631 617 hujusce-

127 642 256 690 modi
279 642 433 691 verbis
459 642 529 690 dis
535 643 696 690 seruit.

124 836 209 871 quae
228 836 251 860 a
270 828 307 860 te
327 826 372 861 de
397 836 491 872 pace
523 830 562 862 et
581 824 779 872 Hispaniis
799 825 899 861 dicta
919 828 1019 869 sunt,
1041 823 1191 859 ostendi
1224 833 1284 857 me
1317 832 1395 858 esse
1426 820 1628 858 dicturum.

125 888 207 926 Lib.
232 891 265 935 1,
284 889 354 937 Ep.
378 891 412 935 9,
436 890 482 926 In
501 901 544 926 eo
573 891 655 936 ipso
675 891 778 937 quod
807 894 845 927 te
875 889 1039 927 ostendis
1071 900 1150 925 esse
1182 888 1383 934 facturum,
1406 887 1442 924 k.
1465 901 1494 924 e.
1525 888 1627 933 dicis,

124 952 267 990 scribis.
330 953 441 990 Corn.
460 954 500 989 N
501 965 588 1000 epos
617 953 867 1001 Epaminond.
898 953 1093 1001 Mirythus
1122 951 1427 999 Epaminondam
1454 953 1630 989 convenit

123 1021 160 1052 et
179 1028 332 1054 causam
364 1017 551 1053 adventus
582 1017 844 1053 Diomedontis
877 1016 1053 1053 ostendit.
1113 1016 1132 1051 Ι
1160 1016 1259 1052 have
1283 1015 1400 1052 taken
1429 1015 1505 1051 this
1531 1016 1630 1052 from

125 1079 249 1117 Graev.
271 1091 319 1116 on
339 1080 494 1117 Hesiod.
516 1081 540 1117 1.
558 1093 588 1116 c.
647 1080 820 1118 vechner
839 1082 910 1117 has
929 1080 1088 1116 omitted
1116 1080 1194 1115 this
1212 1079 1253 1115 in
1271 1079 1331 1115 his
1350 1079 1627 1116 Hellenolexia.

124 1145 248 1183 Graev.
269 1146 339 1183 has
357 1147 476 1183 taken
505 1147 581 1183 this
614 1152 701 1183 note
720 1148 816 1183 from
835 1147 985 1183 Manat.
1014 1158 1062 1182 on
1083 1146 1160 1183 Cic.
1196 1146 1261 1182 lib.
1285 1147 1317 1191 1,
1341 1146 1409 1193 Ep.
1436 1149 1468 1191 1,
1491 1147 1539 1181 ad
1559 1146 1629 1181 Di-

121 1221 217 1247 vers.
239 1214 280 1246 at
298 1210 402 1248 these
421 1213 558 1257 words,
581 1211 735 1248 Caeteris
768 1212 806 1247 in
834 1213 945 1247 rebus
977 1223 1016 1247 se
1046 1210 1270 1246 acerrimum
1301 1211 1360 1247 tui
1392 1211 1629 1248 defensorum

119 1278 197 1313 fore
216 1277 393 1314 ostendit.
450 1278 598 1314 Manat.
621 1283 762 1324 quotes.
785 1278 849 1314 lib.
873 1279 906 1322 9,
929 1277 1000 1324 Ep.
1024 1278 1059 1323 8,
1081 1276 1224 1313 Munus
1246 1276 1431 1324 flagitare,
1454 1278 1628 1324 quamvis

117 1342 201 1390 quis
216 1341 435 1388 ostenderit,
466 1354 513 1379 ne
532 1343 695 1389 populus
724 1344 876 1390 quidem
909 1343 1014 1388 solet,
1048 1343 1122 1379 nisi
1150 1342 1372 1379 concitatus.
1431 1343 1514 1379 Liv.
1539 1345 1572 1389 2,
1594 1354 1625 1381 c.

119 1408 181 1451 24,
217 1406 287 1452 Ibi,
320 1418 417 1443 curae
450 1418 530 1444 esse
561 1407 749 1453 Patribus,
790 1407 966 1454 ostendit,
1000 1411 1045 1444 ut
1075 1407 1294 1444 consulatur
1320 1407 1432 1453 plebi.
1488 1407 1567 1446 Cic.
1588 1409 1627 1443 in

119 1470 326 1518 Caecilium,
349 1482 380 1508 c.
405 1474 438 1517 1,
462 1471 568 1519 Saepe
587 1472 798 1508 ostendisse
816 1472 1002 1509 dicebant.
1060 1472 1149 1508 Add
1168 1471 1194 1508 J
1197 1483 1260 1519 ug.
1282 1484 1313 1507 c..
1336 1472 1399 1516 33,
1422 1471 1569 1509 Scelera
1588 1472 1628 1507 in

116 1542 263 1582 patrem
282 1537 494 1585 fratresque
514 1538 692 1574 ostendit.
750 1539 841 1585 Jug.
863 1538 939 1574 last
967 1538 1132 1584 chapter,
1153 1538 1236 1573 first
1255 1541 1436 1582 sentence,
1470 1537 1542 1575 Sed
1562 1537 1627 1574 ubi

115 1602 141 1638 J
144 1603 310 1650 ugurtha
330 1615 397 1651 per
417 1603 563 1652 legatos
581 1603 740 1651 pecunia
760 1610 916 1650 tentare,
932 1604 1106 1651 bellique,
1122 1604 1222 1651 quod
1242 1602 1543 1648 administrabat,
1565 1616 1626 1640 as-

115 1665 318 1712 peritatem
338 1668 535 1703 ostendere
566 1668 688 1714 coepit,
724 1672 762 1704 to
795 1671 996 1714 represent.
1056 1666 1399 1714 Similarlyfcpoenm
1426 1667 1459 1704 is
1487 1667 1623 1704 dicere.

115 1734 156 1767 to
173 1732 355 1768 mention.
413 1731 530 1768 Hom.
553 1731 599 1767 Il.
625 1732 683 1776 18,
706 1744 743 1767 v.
767 1730 958 1769 295.--C.

168 1793 184 1815 ²
203 1796 263 1832 Ac
279 1793 543 1844 potissumum,
567 1794 682 1845 quoe.]
715 1796 806 1833 This
836 1799 1008 1833 sentence
1037 1806 1129 1844 may
1160 1796 1207 1833 be
1239 1797 1330 1833 thus
1362 1795 1546 1845 supplied,
1582 1807 1624 1832 ac

115 1858 368 1908 potissumum
387 1861 627 1908 perscribam,
650 1873 756 1908 quae3
786 1872 828 1897 or
845 1862 973 1899 rather
991 1872 1035 1898 ac
1052 1859 1308 1908 potissumum
1327 1862 1455 1898 decere
1474 1861 1623 1898 existu-

115 1928 221 1964 mavi
237 1928 473 1974 perscribere,
496 1939 590 1975 quae,
616 1928 679 1965 &c.
739 1927 892 1975 Sallust,
922 1928 1137 1977 respecting
1155 1929 1221 1965 the
1250 1939 1355 1966 sense
1373 1929 1501 1966 rather
1529 1929 1624 1964 than

114 1992 178 2027 the
196 1992 300 2028 word
319 1992 539 2037 orationem,
555 2003 640 2029 uses
660 2004 744 2039 quae
763 1993 803 2028 in
821 1993 887 2029 the
906 1996 1040 2030 neuter
1058 1992 1208 2040 gender,
1226 2003 1268 2028 as
1287 1992 1330 2027 of
1343 2003 1366 2028 a
1377 1991 1531 2040 general
1549 1992 1622 2027 im-

112 2060 207 2102 port,
230 2057 307 2092 and
324 2061 391 2093 not
412 2068 539 2104 quam.
597 2056 670 2092 We
690 2068 781 2104 may
799 2056 1032 2093 understand
1051 2067 1093 2093 as
1112 2067 1162 2092 an
1190 2055 1412 2092 antecedent
1430 2066 1474 2091 ea
1491 2055 1618 2098 verba,

112 2133 155 2157 or
172 2133 276 2158 some
295 2122 390 2159 such
417 2122 646 2160 word—M.

166 2189 226 2224 Ac
239 2186 498 2237 postseimzlm,
521 2201 603 2236 quoe
621 2189 662 2224 in
686 2191 876 2234 concione,
901 2187 988 2238 δια]
1019 2188 1179 2226 Anthon
1198 2199 1287 2237 says
1305 2189 1345 2225 in
1374 2201 1396 2225 a
1413 2192 1502 2225 note
1520 2189 1618 2225 here.

110 2253 345 2290 understand
364 2265 448 2290 eam
469 2254 693 2292 orationem.
750 2254 832 2290 The
850 2254 1035 2301 complete
1063 2253 1203 2300 ellipsis
1221 2252 1300 2289 wil]
1328 2254 1375 2289 be
1394 2264 1435 2289 as
1453 2251 1617 2290 follows:

108 2319 166 2356 Ac
185 2317 429 2366 potissimum
449 2321 577 2359 decere
596 2321 816 2358 existimavi
834 2332 920 2357 earn
948 2320 1157 2357 orationem
1175 2320 1412 2367 perscribere,
1435 2330 1530 2366 quae,
1555 2319 1618 2358 820.

110 2385 267 2432 Reader,
288 2397 360 2422 can
377 2397 455 2433 you
473 2387 564 2422 read
582 2387 660 2422 this
678 2387 841 2422 without
869 2397 988 2434 anger
1006 2386 1082 2422 and
1099 2385 1186 2434 pity
1203 2386 1260 2422 for
1279 2396 1301 2421 a
1319 2396 1411 2421 man
1438 2386 1523 2421 that
1550 2385 1620 2421 has

108 2451 308 2497 arrogated
328 2455 367 2486 to
386 2449 544 2486 himself
556 2451 622 2486 the
648 2451 828 2496 province
845 2450 889 2486 of
902 2450 1022 2486 editor
1048 2449 1211 2485 without
1230 2460 1252 2485 a
1282 2447 1404 2496 single
1420 2459 1619 2496 necessary

110 2510 398 2562 qualification?
454 2513 556 2550 Here
588 2514 621 2550 is
654 2525 677 2549 a
709 2513 896 2550 beautiful
928 2513 1117 2559 specimen
1148 2512 1190 2548 of
1213 2512 1416 2549 American
1435 2513 1617 2562 Lafinity.

112 2578 263 2616 certius
281 2579 358 2614 and
390 2577 500 2623 Mair,
532 2577 630 2614 after
658 2577 749 2623 him,
781 2578 881 2613 have
909 2576 1081 2624 supplied
1109 2577 1175 2614 the
1201 2576 1341 2625 ellipsis
1371 2577 1413 2613 in
1431 2589 1454 2614 a
1484 2589 1619 2626 proper

109 2654 278 2680 manner.
337 2642 508 2679 Kritzius
526 2643 645 2688 reads,
667 2641 724 2678 Ac
755 2640 997 2689 potissimum
1030 2652 1074 2679 ea
1102 2642 1236 2687 dicam,
1258 2653 1343 2690 quae
1360 2642 1400 2678 in
1428 2643 1612 2683 concione-¹

113 2707 276 2745 &c.-—C.
