1889 3191
253 208 300 243 22
306 209 328 242 8
626 207 904 246 SALLUSTII
930 208 955 246 J
959 208 1249 247 UGURTHIN
1253 210 1346 247 UM.

252 324 310 370 ab
335 325 475 370 Zama
499 323 724 379 discedit3
762 331 809 371 et
832 325 883 371 in
904 325 980 372 his
1001 325 1210 381 urbibus,
1239 342 1344 388 quae
1378 325 1437 371 ad
1473 341 1522 372 se
1558 324 1736 373 defece-

250 416 370 465 rant,
399 410 604 472 satisque
627 410 823 456 munitae
845 411 960 466 loco,
989 418 1070 457 aut
1092 412 1326 458 moenibus
1343 418 1489 467 erant,
1514 412 1735 474 praesidia

250 495 466 558 imponit.
516 495 752 541 Caeterum
777 495 1028 540 exercitum
1052 495 1101 540 in
1118 495 1418 557 provinciam,
1436 513 1541 559 quae
1564 513 1736 558 proxu-

250 596 328 626 ma
364 586 436 627 est
459 578 716 633 Numidiae,
742 578 982 624 hiemandi
1020 579 1171 641 gratia
1209 580 1419 626 collocat.
1488 581 1654 643 Neque
1687 577 1738 624 id

250 673 452 727 tempus,
480 680 534 710 ex
558 664 755 709 aliorum
789 679 932 719 more,
960 664 1119 727 quieti,
1147 672 1228 711 aut
1261 665 1459 712 luxuriae
1493 665 1734 712 concedit:

252 749 347 803 sed,
376 749 596 811 quoniam
619 748 762 794 armis
796 749 971 795 bellum
1006 747 1173 811 parum
1207 750 1504 812 procedebat,
1542 749 1737 796 insidias

252 837 373 899 Regi
394 852 478 899 per
513 836 688 882 amicos
712 836 914 891 tendere,
956 843 1003 883 et
1042 853 1201 883 eorum
1243 836 1438 899 perfidia
1475 851 1562 898 pro
1596 834 1739 881 armis

250 921 336 976 uti,
364 930 513 983 parat.
562 921 715 983 Igitur
729 921 1053 976 Bomilcarem,
1085 922 1164 984 qui
1182 922 1346 968 Romae
1371 937 1478 967 cum
1501 921 1533 968 J
1535 919 1740 982 ugurtha

251 1005 416 1061 fuerat,
445 1012 491 1052 et
513 1005 636 1061 inde,
662 1005 857 1052 vadibus
882 1006 1017 1060 datis,
1044 1006 1164 1053 clam
1188 1006 1412 1053 Massivae
1436 1005 1494 1052 de
1517 1021 1629 1052 nece
1663 1004 1740 1067 ju-

252 1093 426 1140 dicium
449 1092 645 1155 fugerat,
674 1093 798 1155 quod
821 1093 860 1139 ei
884 1109 967 1155 per
989 1108 1259 1138 maxumam
1282 1091 1551 1146 amicitiam,
1579 1106 1740 1139 maxu-

252 1195 329 1225 ma
352 1178 484 1241 copia
516 1177 707 1224 fallendi
731 1185 842 1232 erat,
882 1177 1043 1223 multis
1078 1177 1494 1240 pollicitationibus
1529 1175 1753 1238 adgredi:

251 1272 329 1310 tur
354 1284 365 1318 ;
409 1280 460 1310 ac
485 1263 634 1326 primo
659 1263 812 1318 efficit,
839 1263 908 1308 uti
933 1262 992 1308 ad
1015 1279 1063 1309 se
1088 1261 1381 1325 colloquendi
1403 1261 1557 1323 gratia
1590 1260 1740 1307 occu]-

252 1358 330 1395 tus
366 1349 548 1395 veniat:
588 1348 697 1394 dein
732 1347 824 1393 fide
865 1347 985 1402 data,
1030 1353 1060 1372 “
1079 1347 1118 1392 si
1153 1346 1440 1409 ,Iugurtham
1470 1346 1628 1392 vivum
1660 1353 1742 1392 aut

252 1441 469 1480 necatum
493 1432 775 1487 tradidisset,
804 1431 915 1486 fore,
942 1440 995 1477 ut
1018 1431 1085 1477 illi
1110 1438 1298 1477 senatus
1322 1431 1667 1493 impunitatem,
1695 1437 1742 1477 et

254 1535 339 1565 sua
362 1518 519 1565 omnia
553 1517 876 1564 concederet.”
916 1516 1051 1563 facile
1076 1515 1301 1563 Numidae
1337 1515 1604 1579 persuadet,
1632 1514 1742 1562 cum

251 1604 439 1666 ingenio
462 1603 622 1657 infido,
650 1611 753 1649 tum
788 1603 1031 1658 metuenti,
1070 1618 1141 1657 ne,
1172 1602 1211 1648 si
1245 1619 1337 1664 pax
1371 1618 1479 1649 cum
1512 1602 1740 1650 Romanis

252 1690 399 1744 fieret,
424 1689 524 1752 ipse
548 1705 630 1751 per
653 1688 944 1735 conditiones
967 1687 1026 1734 ad
1051 1687 1335 1750 supplicium
1359 1687 1638 1734 traderetur.

320 1774 481 1820 LXII.
522 1774 583 1829 Is,
611 1774 692 1820 ubi
725 1774 930 1836 primum
966 1781 1286 1836 opportunum
1321 1772 1425 1828 fuit,
1453 1772 1741 1836 ,Iugurtham

253 1862 443 1908 anxium
466 1877 518 1908 ac
542 1861 840 1907 miserantem
875 1860 1086 1907 fortunas
1112 1877 1219 1907 suas
1255 1860 1465 1916 accedit;
1492 1867 1651 1908 monet
1673 1867 1742 1907 at-

254 1965 342 2012 que
366 1948 629 1994 lacrumans
653 1947 929 2001 obtestatur,
964 1953 994 1971 “
1010 1947 1077 1992 uti
1103 1946 1352 2009 aliquando
1369 1946 1457 1992 sibi
1474 1946 1736 2009 liberisque,

253 2041 299 2081 et
322 2033 451 2097 genti
476 2032 804 2085 Numidarum,
830 2032 1020 2094 optume
1045 2031 1255 2086 merenti,
1284 2030 1554 2093 provideat3
1593 2031 1741 2077 omni-

252 2121 341 2166 bus
364 2118 539 2182 praeliis
564 2134 662 2164 sese
686 2118 848 2173 victos,
869 2133 1033 2179 agrum
1051 2123 1303 2172 vastatum,
1331 2116 1506 2164 multos
1529 2116 1742 2163 mortalis

253 2214 414 2267 captos
454 2213 533 2250 aut
574 2204 765 2256 occisos,
792 2203 927 2264 regni
968 2218 1079 2265 opes
1110 2202 1422 2248 comminutas
1447 2217 1584 2256 esse;
1629 2202 1742 2248 satis

254 2305 378 2352 saepe
396 2289 494 2352 jam
536 2296 581 2335 et
617 2288 838 2334 virtutem
878 2287 1096 2342 militum,
1126 2294 1171 2333 et
1211 2286 1447 2332 fortunam
1482 2292 1739 2332 tentatam:

253 2382 446 2430 caveret,
475 2375 551 2430 ne,
577 2374 657 2420 illo
680 2380 942 2428 cunctante,
962 2372 1187 2419 Numidae
1212 2372 1301 2418 sibi
1320 2371 1614 2418 consulant.'’
1650 2371 1744 2418 His

253 2469 391 2523 atque
415 2460 588 2507 talibus
611 2460 713 2506 aliis
738 2459 798 2506 ad
822 2459 1109 2505 deditionem
1129 2456 1273 2517 Regis
1298 2457 1508 2503 animum
1525 2456 1741 2519 impellit.

254 2666 330 2703 Suo
348 2664 517 2702 mam'me
538 2673 713 2712 tempore,
744 2671 857 2713 atque
885 2665 1004 2701 alieno
1031 2665 1201 2701 hostibus
1218 2664 1379 2711 incipere
1396 2663 1548 2701 bellum.
1606 2663 1741 2699 Horat.

254 2731 358 2778 epod.
379 2731 415 2775 9,
437 2742 473 2765 v.
496 2731 558 2773 30,
580 2729 716 2766 Ventis
735 2730 856 2766 iturus
875 2740 951 2766 non
971 2727 1169 2765 suis.-M.
