<?xml version="1.0" encoding="UTF-8"?>
<!DOCTYPE html PUBLIC "-//W3C//DTD XHTML 1.0 Transitional//EN"
    "http://www.w3.org/TR/xhtml1/DTD/xhtml1-transitional.dtd">
<html xmlns="http://www.w3.org/1999/xhtml" xml:lang="en" lang="en">
 <head>
  <title>
</title>
<meta http-equiv="Content-Type" content="text/html;charset=utf-8" />
  <meta name='ocr-system' content='tesseract 3.04.00' />
  <meta name='ocr-capabilities' content='ocr_page ocr_carea ocr_par ocr_line ocrx_word'/>
</head>
<body>
  <div class='ocr_page' id='page_1' title='image "./sallusts00salluoft_0055.png"; bbox 0 0 1889 3191; ppageno 0'>
   <div class='ocr_carea' id='block_1_1' title="bbox 587 228 1627 268">
    <p class='ocr_par' dir='ltr' id='par_1_1' title="bbox 587 228 1627 268">
     <span class='ocr_line' id='line_1_1' title="bbox 587 228 1627 268; baseline -0.002 -1"><span class='ocrx_word' id='word_1_1' title='bbox 587 228 866 267; x_wconf 83' lang='lat' dir='ltr'>SALLUSTII</span> <span class='ocrx_word' id='word_1_2' title='bbox 897 228 1166 268; x_wconf 81' lang='lat' dir='ltr'><strong>CATILINA.</strong></span> <span class='ocrx_word' id='word_1_3' title='bbox 1578 231 1627 265; x_wconf 79' lang='lat'><strong>43</strong></span> 
     </span>
    </p>
   </div>
   <div class='ocr_carea' id='block_1_2' title="bbox 120 364 1706 1891">
    <p class='ocr_par' dir='ltr' id='par_1_2' title="bbox 124 364 1628 758">
     <span class='ocr_line' id='line_1_2' title="bbox 129 364 1628 429; baseline -0.001 -14"><span class='ocrx_word' id='word_1_4' title='bbox 129 366 398 416; x_wconf 90' lang='lat' dir='ltr'><strong>convenisse</strong></span> <span class='ocrx_word' id='word_1_5' title='bbox 456 366 615 422; x_wconf 83' lang='lat' dir='ltr'><strong>videt3</strong></span> <span class='ocrx_word' id='word_1_6' title='bbox 670 366 860 414; x_wconf 89' lang='lat' dir='ltr'><strong>tametsi</strong></span> <span class='ocrx_word' id='word_1_7' title='bbox 902 381 1010 413; x_wconf 92' lang='lat' dir='ltr'><strong>cum</strong></span> <span class='ocrx_word' id='word_1_8' title='bbox 1057 364 1257 428; x_wconf 82' lang='lat' dir='ltr'><strong>singulis</strong></span> <span class='ocrx_word' id='word_1_9' title='bbox 1303 365 1455 412; x_wconf 88' lang='lat' dir='ltr'><strong>multa</strong></span> <span class='ocrx_word' id='word_1_10' title='bbox 1503 382 1628 429; x_wconf 87' lang='lat' dir='ltr'><strong>saepe</strong></span> 
     </span>
     <span class='ocr_line' id='line_1_3' title="bbox 129 449 1628 515; baseline -0.001 -16"><span class='ocrx_word' id='word_1_11' title='bbox 129 458 286 515; x_wconf 77' lang='lat' dir='ltr'>egerat</span> <span class='ocrx_word' id='word_1_12' title='bbox 308 471 321 507; x_wconf 92' lang='lat'>;</span> <span class='ocrx_word' id='word_1_13' title='bbox 363 459 524 500; x_wconf 91' lang='lat' dir='ltr'><strong>tamen</strong></span> <span class='ocrx_word' id='word_1_14' title='bbox 559 452 610 499; x_wconf 92' lang='lat' dir='ltr'><strong>in</strong></span> <span class='ocrx_word' id='word_1_15' title='bbox 649 468 749 499; x_wconf 89' lang='lat' dir='ltr'><strong>rem</strong></span> <span class='ocrx_word' id='word_1_16' title='bbox 772 451 871 499; x_wconf 90' lang='lat' dir='ltr'><strong>fore</strong></span> <span class='ocrx_word' id='word_1_17' title='bbox 896 451 1090 498; x_wconf 88' lang='lat' dir='ltr'><strong>credens</strong></span> <span class='ocrx_word' id='word_1_18' title='bbox 1115 450 1359 498; x_wconf 81' lang='lat' dir='ltr'><strong>universos</strong></span> <span class='ocrx_word' id='word_1_19' title='bbox 1394 449 1628 513; x_wconf 85' lang='lat' dir='ltr'><strong>adpellare</strong></span> 
     </span>
     <span class='ocr_line' id='line_1_4' title="bbox 128 534 1628 600; baseline -0.001 -17"><span class='ocrx_word' id='word_1_20' title='bbox 128 544 173 583; x_wconf 88' lang='lat' dir='ltr'><strong>et</strong></span> <span class='ocrx_word' id='word_1_21' title='bbox 196 536 444 593; x_wconf 87' lang='lat' dir='ltr'><strong>cohortari,</strong></span> <span class='ocrx_word' id='word_1_22' title='bbox 487 537 538 583; x_wconf 92' lang='lat' dir='ltr'><strong>in</strong></span> <span class='ocrx_word' id='word_1_23' title='bbox 574 537 783 584; x_wconf 90' lang='lat' dir='ltr'><strong>abditam</strong></span> <span class='ocrx_word' id='word_1_24' title='bbox 821 542 1003 600; x_wconf 87' lang='lat' dir='ltr'><strong>partem</strong></span> <span class='ocrx_word' id='word_1_25' title='bbox 1041 535 1216 582; x_wconf 78' lang='lat' dir='ltr'><strong>aedium</strong></span> <span class='ocrx_word' id='word_1_26' title='bbox 1242 534 1451 591; x_wconf 83' lang='lat' dir='ltr'><strong>secedit3</strong></span> <span class='ocrx_word' id='word_1_27' title='bbox 1489 541 1628 598; x_wconf 89' lang='lat' dir='ltr'><strong>atque</strong></span> 
     </span>
     <span class='ocr_line' id='line_1_5' title="bbox 125 621 1628 687; baseline -0.001 -18"><span class='ocrx_word' id='word_1_28' title='bbox 125 623 206 679; x_wconf 91' lang='lat' dir='ltr'><strong>ibi,</strong></span> <span class='ocrx_word' id='word_1_29' title='bbox 228 624 447 671; x_wconf 89' lang='lat' dir='ltr'><strong>omnibus</strong></span> <span class='ocrx_word' id='word_1_30' title='bbox 471 624 659 671; x_wconf 89' lang='lat' dir='ltr'><strong>arbitris</strong></span> <span class='ocrx_word' id='word_1_31' title='bbox 683 624 846 687; x_wconf 75' lang='lat' dir='ltr'><strong>procul</strong></span> <span class='ocrx_word' id='word_1_32' title='bbox 882 623 1067 679; x_wconf 89' lang='lat' dir='ltr'><strong>amotis,</strong></span> <span class='ocrx_word' id='word_1_33' title='bbox 1111 622 1372 670; x_wconf 88' lang='lat' dir='ltr'><strong>orationem</strong></span> <span class='ocrx_word' id='word_1_34' title='bbox 1411 621 1628 685; x_wconf 90' lang='lat' dir='ltr'><strong>hujusce-</strong></span> 
     </span>
     <span class='ocr_line' id='line_1_6' title="bbox 124 709 459 758; baseline 0.006 -2"><span class='ocrx_word' id='word_1_35' title='bbox 124 709 254 756; x_wconf 90' lang='lat' dir='ltr'>modi</span> <span class='ocrx_word' id='word_1_36' title='bbox 276 709 459 758; x_wconf 87' lang='lat' dir='ltr'><strong>habuit.</strong></span> 
     </span>
    </p>

    <p class='ocr_par' dir='ltr' id='par_1_3' title="bbox 120 767 1706 1891">
     <span class='ocr_line' id='line_1_7' title="bbox 195 767 1628 879; baseline -0.001 -37"><span class='ocrx_word' id='word_1_37' title='bbox 195 801 226 821; x_wconf 91' lang='lat'><strong>“</strong></span> <span class='ocrx_word' id='word_1_38' title='bbox 241 795 307 842; x_wconf 84' lang='lat' dir='ltr'><strong>Ni</strong></span> <span class='ocrx_word' id='word_1_39' title='bbox 330 796 478 843; x_wconf 89' lang='lat' dir='ltr'><strong>virtus</strong></span> <span class='ocrx_word' id='word_1_40' title='bbox 501 796 711 860; x_wconf 91' lang='lat' dir='ltr'><strong>fidesque</strong></span> <span class='ocrx_word' id='word_1_41' title='bbox 734 804 890 844; x_wconf 89' lang='lat' dir='ltr'><strong>vestra</strong></span> <span class='ocrx_word' id='word_1_42' title='bbox 930 802 1140 859; x_wconf 90' lang='lat' dir='ltr'><strong>spectata</strong></span> <span class='ocrx_word' id='word_1_43' title='bbox 1176 794 1295 842; x_wconf 90' lang='lat' dir='ltr'><strong>mihi</strong></span> <span class='ocrx_word' id='word_1_44' title='bbox 1315 767 1505 879; x_wconf 51' lang='lat' dir='ltr'><strong>ffirent,</strong></span> <span class='ocrx_word' id='word_1_45' title='bbox 1549 809 1628 840; x_wconf 89' lang='lat' dir='ltr'><strong>ne-</strong></span> 
     </span>
     <span class='ocr_line' id='line_1_8' title="bbox 125 867 1706 946; baseline -0.001 -19"><span class='ocrx_word' id='word_1_46' title='bbox 125 881 381 944; x_wconf 85' lang='lat' dir='ltr'><strong>quidquam</strong></span> <span class='ocrx_word' id='word_1_47' title='bbox 406 889 674 946; x_wconf 87' lang='lat' dir='ltr'><strong>opportuna</strong></span> <span class='ocrx_word' id='word_1_48' title='bbox 704 898 778 930; x_wconf 90' lang='lat' dir='ltr'><strong>res</strong></span> <span class='ocrx_word' id='word_1_49' title='bbox 803 881 1078 938; x_wconf 82' lang='lat' dir='ltr'><strong>cecidisset3</strong></span> <span class='ocrx_word' id='word_1_50' title='bbox 1115 897 1222 944; x_wconf 88' lang='lat' dir='ltr'><strong>spes</strong></span> <span class='ocrx_word' id='word_1_51' title='bbox 1265 897 1452 943; x_wconf 85' lang='lat' dir='ltr'><strong>magna,</strong></span> <span class='ocrx_word' id='word_1_52' title='bbox 1481 879 1627 928; x_wconf 84' lang='lat' dir='ltr'><strong>domi-</strong></span> <span class='ocrx_word' id='word_1_53' title='bbox 1681 867 1706 887; x_wconf 35' lang='grc' dir='ltr'><strong>κ’</strong></span> 
     </span>
     <span class='ocr_line' id='line_1_9' title="bbox 122 965 1628 1030; baseline -0.002 -16"><span class='ocrx_word' id='word_1_54' title='bbox 122 968 253 1014; x_wconf 91' lang='lat' dir='ltr'><strong>natio</strong></span> <span class='ocrx_word' id='word_1_55' title='bbox 276 968 327 1014; x_wconf 93' lang='lat' dir='ltr'><strong>in</strong></span> <span class='ocrx_word' id='word_1_56' title='bbox 348 969 569 1015; x_wconf 89' lang='lat' dir='ltr'><strong>manibus</strong></span> <span class='ocrx_word' id='word_1_57' title='bbox 587 968 765 1015; x_wconf 88' lang='lat' dir='ltr'><strong>frustra</strong></span> <span class='ocrx_word' id='word_1_58' title='bbox 798 967 1001 1014; x_wconf 84' lang='lat' dir='ltr'><strong>fuissent</strong></span> <span class='ocrx_word' id='word_1_59' title='bbox 1028 986 1038 1013; x_wconf 82' lang='lat'>2</span> <span class='ocrx_word' id='word_1_60' title='bbox 1077 982 1228 1030; x_wconf 89' lang='lat' dir='ltr'><strong>neque</strong></span> <span class='ocrx_word' id='word_1_61' title='bbox 1267 982 1353 1029; x_wconf 86' lang='lat' dir='ltr'><strong>ego</strong></span> <span class='ocrx_word' id='word_1_62' title='bbox 1386 981 1471 1029; x_wconf 90' lang='lat' dir='ltr'><strong>per</strong></span> <span class='ocrx_word' id='word_1_63' title='bbox 1497 965 1628 1028; x_wconf 86' lang='lat' dir='ltr'><strong>igna-</strong></span> 
     </span>
     <span class='ocr_line' id='line_1_10' title="bbox 123 1054 1628 1118; baseline -0.002 -16"><span class='ocrx_word' id='word_1_64' title='bbox 123 1055 261 1111; x_wconf 88' lang='lat' dir='ltr'><strong>viam,</strong></span> <span class='ocrx_word' id='word_1_65' title='bbox 307 1062 389 1102; x_wconf 91' lang='lat' dir='ltr'><strong>aut</strong></span> <span class='ocrx_word' id='word_1_66' title='bbox 424 1072 545 1102; x_wconf 88' lang='lat' dir='ltr'><strong>vana</strong></span> <span class='ocrx_word' id='word_1_67' title='bbox 580 1055 784 1118; x_wconf 87' lang='lat' dir='ltr'><strong>ingenia,</strong></span> <span class='ocrx_word' id='word_1_68' title='bbox 831 1055 1012 1102; x_wconf 88' lang='lat' dir='ltr'><strong>incerta</strong></span> <span class='ocrx_word' id='word_1_69' title='bbox 1056 1070 1143 1117; x_wconf 87' lang='lat' dir='ltr'><strong>pro</strong></span> <span class='ocrx_word' id='word_1_70' title='bbox 1190 1054 1329 1101; x_wconf 88' lang='lat' dir='ltr'><strong>certis</strong></span> <span class='ocrx_word' id='word_1_71' title='bbox 1375 1060 1628 1116; x_wconf 87' lang='lat' dir='ltr'><strong>captarem.</strong></span> 
     </span>
     <span class='ocr_line' id='line_1_11' title="bbox 124 1139 1628 1205; baseline -0.001 -19"><span class='ocrx_word' id='word_1_72' title='bbox 124 1139 216 1187; x_wconf 87' lang='lat' dir='ltr'><strong>Sed</strong></span> <span class='ocrx_word' id='word_1_73' title='bbox 240 1140 349 1205; x_wconf 87' lang='lat' dir='ltr'><strong>quia</strong></span> <span class='ocrx_word' id='word_1_74' title='bbox 389 1140 554 1188; x_wconf 82' lang='lat' dir='ltr'><strong>multis</strong></span> <span class='ocrx_word' id='word_1_75' title='bbox 598 1147 645 1188; x_wconf 89' lang='lat' dir='ltr'><strong>et</strong></span> <span class='ocrx_word' id='word_1_76' title='bbox 679 1141 864 1204; x_wconf 80' lang='lat' dir='ltr'><strong>magnis</strong></span> <span class='ocrx_word' id='word_1_77' title='bbox 905 1139 1269 1203; x_wconf 84' lang='lat' dir='ltr'><strong>tempestatibus</strong></span> <span class='ocrx_word' id='word_1_78' title='bbox 1308 1155 1390 1187; x_wconf 92' lang='lat' dir='ltr'><strong>vos</strong></span> <span class='ocrx_word' id='word_1_79' title='bbox 1431 1139 1628 1202; x_wconf 84' lang='lat' dir='ltr'>cognovi</span> 
     </span>
     <span class='ocr_line' id='line_1_12' title="bbox 121 1210 1626 1290; baseline 0 -19"><span class='ocrx_word' id='word_1_80' title='bbox 121 1226 266 1272; x_wconf 86' lang='lat' dir='ltr'><strong>fortes</strong></span> <span class='ocrx_word' id='word_1_81' title='bbox 291 1225 504 1290; x_wconf 90' lang='lat' dir='ltr'><strong>fidosque</strong></span> <span class='ocrx_word' id='word_1_82' title='bbox 528 1226 647 1273; x_wconf 88' lang='lat' dir='ltr'><strong>mihi</strong></span> <span class='ocrx_word' id='word_1_83' title='bbox 673 1248 685 1283; x_wconf 84' lang='lat'>3</span> <span class='ocrx_word' id='word_1_84' title='bbox 724 1228 777 1274; x_wconf 78' lang='lat' dir='ltr'><strong>eo</strong></span> <span class='ocrx_word' id='word_1_85' title='bbox 801 1226 988 1273; x_wconf 86' lang='lat' dir='ltr'><strong>animus</strong></span> <span class='ocrx_word' id='word_1_86' title='bbox 1020 1243 1162 1273; x_wconf 89' lang='lat' dir='ltr'><strong>ausus</strong></span> <span class='ocrx_word' id='word_1_87' title='bbox 1186 1242 1463 1273; x_wconf 87' lang='lat' dir='ltr'><strong>maxumum</strong></span> <span class='ocrx_word' id='word_1_88' title='bbox 1487 1210 1626 1289; x_wconf 85' lang='lat' dir='ltr'><strong>atque</strong></span> 
     </span>
     <span class='ocr_line' id='line_1_13' title="bbox 120 1306 1626 1373; baseline -0.002 -17"><span class='ocrx_word' id='word_1_89' title='bbox 120 1308 508 1370; x_wconf 88' lang='lat' dir='ltr'><strong>pulcherrumum</strong></span> <span class='ocrx_word' id='word_1_90' title='bbox 531 1309 714 1356; x_wconf 88' lang='lat' dir='ltr'><strong>facinus</strong></span> <span class='ocrx_word' id='word_1_91' title='bbox 738 1309 942 1372; x_wconf 88' lang='lat' dir='ltr'>incipere</span> <span class='ocrx_word' id='word_1_92' title='bbox 962 1328 972 1355; x_wconf 77' lang='grc' dir='ltr'><strong><em>ε</em></strong></span> <span class='ocrx_word' id='word_1_93' title='bbox 1001 1308 1142 1356; x_wconf 88' lang='lat' dir='ltr'><strong>simul</strong></span> <span class='ocrx_word' id='word_1_94' title='bbox 1162 1308 1271 1373; x_wconf 88' lang='lat' dir='ltr'><strong>quia</strong></span> <span class='ocrx_word' id='word_1_95' title='bbox 1287 1307 1435 1363; x_wconf 92' lang='lat' dir='ltr'><strong>vobis,</strong></span> <span class='ocrx_word' id='word_1_96' title='bbox 1464 1306 1626 1354; x_wconf 89' lang='lat' dir='ltr'><strong>eadem</strong></span> 
     </span>
     <span class='ocr_line' id='line_1_14' title="bbox 121 1394 1623 1458; baseline 0 -17"><span class='ocrx_word' id='word_1_97' title='bbox 121 1394 254 1451; x_wconf 87' lang='lat' dir='ltr'><strong>mihi,</strong></span> <span class='ocrx_word' id='word_1_98' title='bbox 277 1394 401 1442; x_wconf 88' lang='lat' dir='ltr'><strong>bona</strong></span> <span class='ocrx_word' id='word_1_99' title='bbox 416 1395 629 1458; x_wconf 91' lang='lat' dir='ltr'><strong>malaque</strong></span> <span class='ocrx_word' id='word_1_100' title='bbox 645 1395 854 1443; x_wconf 87' lang='lat' dir='ltr'><strong>intellexi</strong></span> <span class='ocrx_word' id='word_1_101' title='bbox 872 1395 902 1451; x_wconf 81' lang='lat'><strong>3¹</strong></span> <span class='ocrx_word' id='word_1_102' title='bbox 921 1412 1030 1443; x_wconf 88' lang='lat' dir='ltr'><strong>nam</strong></span> <span class='ocrx_word' id='word_1_103' title='bbox 1048 1395 1175 1442; x_wconf 92' lang='lat' dir='ltr'><strong>idem</strong></span> <span class='ocrx_word' id='word_1_104' title='bbox 1189 1395 1307 1442; x_wconf 91' lang='lat' dir='ltr'><strong>velle</strong></span> <span class='ocrx_word' id='word_1_105' title='bbox 1326 1402 1466 1458; x_wconf 89' lang='lat' dir='ltr'><strong>atque</strong></span> <span class='ocrx_word' id='word_1_106' title='bbox 1483 1394 1623 1449; x_wconf 90' lang='lat' dir='ltr'><strong>nolle,</strong></span> 
     </span>
     <span class='ocr_line' id='line_1_15' title="bbox 122 1480 1626 1544; baseline -0.001 -17"><span class='ocrx_word' id='word_1_107' title='bbox 122 1497 176 1527; x_wconf 87' lang='lat' dir='ltr'><strong>ea</strong></span> <span class='ocrx_word' id='word_1_108' title='bbox 222 1480 413 1528; x_wconf 89' lang='lat' dir='ltr'><strong>demum</strong></span> <span class='ocrx_word' id='word_1_109' title='bbox 457 1482 594 1528; x_wconf 86' lang='lat' dir='ltr'><strong>firma</strong></span> <span class='ocrx_word' id='word_1_110' title='bbox 639 1481 846 1528; x_wconf 88' lang='lat' dir='ltr'><strong>amicitia</strong></span> <span class='ocrx_word' id='word_1_111' title='bbox 885 1488 972 1528; x_wconf 89' lang='lat' dir='ltr'><strong>est.</strong></span> <span class='ocrx_word' id='word_1_112' title='bbox 1045 1481 1139 1529; x_wconf 86' lang='lat' dir='ltr'><strong>Sed</strong></span> <span class='ocrx_word' id='word_1_113' title='bbox 1175 1497 1277 1544; x_wconf 86' lang='lat' dir='ltr'><strong>ego,</strong></span> <span class='ocrx_word' id='word_1_114' title='bbox 1321 1497 1426 1544; x_wconf 89' lang='lat' dir='ltr'><strong>quae</strong></span> <span class='ocrx_word' id='word_1_115' title='bbox 1465 1488 1626 1527; x_wconf 89' lang='lat' dir='ltr'><strong>mente</strong></span> 
     </span>
     <span class='ocr_line' id='line_1_16' title="bbox 123 1566 1624 1631; baseline 0 -19"><span class='ocrx_word' id='word_1_116' title='bbox 123 1567 311 1629; x_wconf 86' lang='lat' dir='ltr'><strong>agitavi,</strong></span> <span class='ocrx_word' id='word_1_117' title='bbox 339 1583 501 1614; x_wconf 89' lang='lat' dir='ltr'><strong>omnes</strong></span> <span class='ocrx_word' id='word_1_118' title='bbox 510 1567 610 1631; x_wconf 89' lang='lat' dir='ltr'><strong>jam</strong></span> <span class='ocrx_word' id='word_1_119' title='bbox 635 1575 772 1614; x_wconf 87' lang='lat' dir='ltr'><strong>antea</strong></span> <span class='ocrx_word' id='word_1_120' title='bbox 788 1568 958 1614; x_wconf 82' lang='lat' dir='ltr'><strong>diversi</strong></span> <span class='ocrx_word' id='word_1_121' title='bbox 981 1567 1194 1614; x_wconf 80' lang='lat' dir='ltr'><strong>audistis.</strong></span> <span class='ocrx_word' id='word_1_122' title='bbox 1264 1566 1486 1614; x_wconf 75' lang='lat' dir='ltr'><strong>Ceterum</strong></span> <span class='ocrx_word' id='word_1_123' title='bbox 1505 1567 1624 1613; x_wconf 92' lang='lat' dir='ltr'><strong>mihi</strong></span> 
     </span>
     <span class='ocr_line' id='line_1_17' title="bbox 122 1652 1625 1716; baseline 0.003 -18"><span class='ocrx_word' id='word_1_124' title='bbox 122 1652 172 1698; x_wconf 93' lang='lat' dir='ltr'><strong>in</strong></span> <span class='ocrx_word' id='word_1_125' title='bbox 196 1652 297 1699; x_wconf 91' lang='lat' dir='ltr'><strong>dies</strong></span> <span class='ocrx_word' id='word_1_126' title='bbox 332 1652 482 1716; x_wconf 83' lang='lat' dir='ltr'><strong>magis</strong></span> <span class='ocrx_word' id='word_1_127' title='bbox 519 1653 704 1699; x_wconf 91' lang='lat' dir='ltr'><strong>animus</strong></span> <span class='ocrx_word' id='word_1_128' title='bbox 745 1652 1030 1709; x_wconf 84' lang='lat' dir='ltr'><strong>accenditur,</strong></span> <span class='ocrx_word' id='word_1_129' title='bbox 1077 1652 1185 1700; x_wconf 74' lang='lat' dir='ltr'><strong>cum</strong></span> <span class='ocrx_word' id='word_1_130' title='bbox 1215 1653 1474 1708; x_wconf 88' lang='lat' dir='ltr'><strong>considero,</strong></span> <span class='ocrx_word' id='word_1_131' title='bbox 1519 1669 1625 1715; x_wconf 81' lang='lat' dir='ltr'><strong>quae</strong></span> 
     </span>
     <span class='ocr_line' id='line_1_18' title="bbox 123 1738 1626 1802; baseline 0.002 -18"><span class='ocrx_word' id='word_1_132' title='bbox 123 1738 330 1785; x_wconf 88' lang='lat' dir='ltr'><strong>conditio</strong></span> <span class='ocrx_word' id='word_1_133' title='bbox 354 1738 463 1786; x_wconf 86' lang='lat' dir='ltr'><strong>vitae</strong></span> <span class='ocrx_word' id='word_1_134' title='bbox 487 1739 647 1785; x_wconf 90' lang='lat' dir='ltr'><strong>futura</strong></span> <span class='ocrx_word' id='word_1_135' title='bbox 683 1739 758 1795; x_wconf 92' lang='lat' dir='ltr'><strong>sit,</strong></span> <span class='ocrx_word' id='word_1_136' title='bbox 787 1739 876 1786; x_wconf 88' lang='lat' dir='ltr'><strong>nisi</strong></span> <span class='ocrx_word' id='word_1_137' title='bbox 901 1746 1088 1786; x_wconf 91' lang='lat' dir='ltr'><strong>nosmet</strong></span> <span class='ocrx_word' id='word_1_138' title='bbox 1111 1739 1225 1802; x_wconf 72' lang='lat' dir='ltr'><strong>ipsi²</strong></span> <span class='ocrx_word' id='word_1_139' title='bbox 1249 1739 1541 1787; x_wconf 79' lang='lat' dir='ltr'><strong>vindicamus</strong></span> <span class='ocrx_word' id='word_1_140' title='bbox 1575 1741 1626 1787; x_wconf 91' lang='lat' dir='ltr'><strong>in</strong></span> 
     </span>
     <span class='ocr_line' id='line_1_19' title="bbox 122 1823 1624 1891; baseline 0.003 -21"><span class='ocrx_word' id='word_1_141' title='bbox 122 1823 403 1871; x_wconf 85' lang='lat' dir='ltr'><strong>libertatem.</strong></span> <span class='ocrx_word' id='word_1_142' title='bbox 474 1824 600 1871; x_wconf 90' lang='lat' dir='ltr'><strong>Nam</strong></span> <span class='ocrx_word' id='word_1_143' title='bbox 624 1832 875 1888; x_wconf 90' lang='lat' dir='ltr'><strong>postquam</strong></span> <span class='ocrx_word' id='word_1_144' title='bbox 899 1825 1163 1886; x_wconf 79' lang='lat' dir='ltr'><strong>respublica</strong></span> <span class='ocrx_word' id='word_1_145' title='bbox 1193 1826 1243 1872; x_wconf 91' lang='lat' dir='ltr'><strong>in</strong></span> <span class='ocrx_word' id='word_1_146' title='bbox 1270 1842 1527 1889; x_wconf 89' lang='lat' dir='ltr'><strong>paucorum</strong></span> <span class='ocrx_word' id='word_1_147' title='bbox 1546 1827 1624 1891; x_wconf 91' lang='lat' dir='ltr'><strong>jus</strong></span> 
     </span>
    </p>
   </div>
   <div class='ocr_carea' id='block_1_3' title="bbox 122 1974 1624 2809">
    <p class='ocr_par' dir='ltr' id='par_1_4' title="bbox 122 1974 1624 2224">
     <span class='ocr_line' id='line_1_20' title="bbox 178 1974 1621 2029; baseline 0 -15"><span class='ocrx_word' id='word_1_148' title='bbox 178 1977 270 2014; x_wconf 88' lang='lat' dir='ltr'><strong>XX.</strong></span> <span class='ocrx_word' id='word_1_149' title='bbox 301 1974 313 1998; x_wconf 91' lang='lat'>¹</span> <span class='ocrx_word' id='word_1_150' title='bbox 337 1974 460 2014; x_wconf 82' lang='lat' dir='ltr'><strong>Simul</strong></span> <span class='ocrx_word' id='word_1_151' title='bbox 486 1977 579 2025; x_wconf 83' lang='lat' dir='ltr'><strong>quia</strong></span> <span class='ocrx_word' id='word_1_152' title='bbox 614 1977 717 2014; x_wconf 78' lang='lat' dir='ltr'><strong>vobis</strong></span> <span class='ocrx_word' id='word_1_153' title='bbox 757 1978 886 2013; x_wconf 83' lang='lat' dir='ltr'><strong>eadem</strong></span> <span class='ocrx_word' id='word_1_154' title='bbox 926 1977 1020 2014; x_wconf 75' lang='lat' dir='ltr'><strong>mihi</strong></span> <span class='ocrx_word' id='word_1_155' title='bbox 1058 1978 1157 2014; x_wconf 84' lang='lat' dir='ltr'><strong>bona</strong></span> <span class='ocrx_word' id='word_1_156' title='bbox 1197 1978 1376 2026; x_wconf 83' lang='lat' dir='ltr'><strong>malaque</strong></span> <span class='ocrx_word' id='word_1_157' title='bbox 1412 1978 1621 2029; x_wconf 59' lang='lat' dir='ltr'><strong>intellexi]</strong></span> 
     </span>
     <span class='ocr_line' id='line_1_21' title="bbox 125 2043 1624 2093; baseline 0 -11"><span class='ocrx_word' id='word_1_158' title='bbox 125 2044 296 2082; x_wconf 84' lang='lat' dir='ltr'><strong>Kritzius</strong></span> <span class='ocrx_word' id='word_1_159' title='bbox 314 2044 433 2090; x_wconf 82' lang='lat' dir='ltr'><strong>readS‚</strong></span> <span class='ocrx_word' id='word_1_160' title='bbox 465 2044 536 2080; x_wconf 88' lang='lat' dir='ltr'><strong>but</strong></span> <span class='ocrx_word' id='word_1_161' title='bbox 567 2043 730 2080; x_wconf 83' lang='lat' dir='ltr'><strong>without</strong></span> <span class='ocrx_word' id='word_1_162' title='bbox 760 2044 966 2092; x_wconf 83' lang='lat' dir='ltr'><strong>authority,</strong></span> <span class='ocrx_word' id='word_1_163' title='bbox 990 2043 1112 2081; x_wconf 83' lang='lat' dir='ltr'><strong>Simu]</strong></span> <span class='ocrx_word' id='word_1_164' title='bbox 1145 2045 1234 2092; x_wconf 86' lang='lat' dir='ltr'><strong>quia</strong></span> <span class='ocrx_word' id='word_1_165' title='bbox 1251 2045 1360 2081; x_wconf 87' lang='lat' dir='ltr'><strong>vobis</strong></span> <span class='ocrx_word' id='word_1_166' title='bbox 1393 2046 1523 2082; x_wconf 83' lang='lat' dir='ltr'><strong>eadem</strong></span> <span class='ocrx_word' id='word_1_167' title='bbox 1543 2057 1624 2093; x_wconf 82' lang='lat' dir='ltr'><strong>quae</strong></span> 
     </span>
     <span class='ocr_line' id='line_1_22' title="bbox 124 2108 1623 2158; baseline 0.001 -13"><span class='ocrx_word' id='word_1_168' title='bbox 124 2109 217 2145; x_wconf 88' lang='lat' dir='ltr'><strong>mihi</strong></span> <span class='ocrx_word' id='word_1_169' title='bbox 236 2109 334 2146; x_wconf 89' lang='lat' dir='ltr'><strong>bona</strong></span> <span class='ocrx_word' id='word_1_170' title='bbox 353 2108 527 2155; x_wconf 85' lang='lat' dir='ltr'><strong>malaque</strong></span> <span class='ocrx_word' id='word_1_171' title='bbox 547 2119 625 2145; x_wconf 85' lang='lat' dir='ltr'><strong>esse</strong></span> <span class='ocrx_word' id='word_1_172' title='bbox 636 2108 819 2154; x_wconf 77' lang='lat' dir='ltr'><strong>intellexi,</strong></span> <span class='ocrx_word' id='word_1_173' title='bbox 841 2109 967 2145; x_wconf 83' lang='lat' dir='ltr'><strong>which</strong></span> <span class='ocrx_word' id='word_1_174' title='bbox 981 2108 1109 2146; x_wconf 82' lang='lat' dir='ltr'><strong>would</strong></span> <span class='ocrx_word' id='word_1_175' title='bbox 1127 2109 1312 2158; x_wconf 82' lang='lat' dir='ltr'><strong>certainly</strong></span> <span class='ocrx_word' id='word_1_176' title='bbox 1331 2110 1443 2146; x_wconf 85' lang='lat' dir='ltr'><strong>make</strong></span> <span class='ocrx_word' id='word_1_177' title='bbox 1461 2110 1526 2147; x_wconf 87' lang='lat' dir='ltr'><strong>the</strong></span> <span class='ocrx_word' id='word_1_178' title='bbox 1538 2121 1623 2146; x_wconf 90' lang='lat' dir='ltr'><strong>sen-</strong></span> 
     </span>
     <span class='ocr_line' id='line_1_23' title="bbox 122 2172 1513 2224; baseline -0.001 -14"><span class='ocrx_word' id='word_1_179' title='bbox 122 2178 230 2210; x_wconf 84' lang='lat' dir='ltr'><strong>tence</strong></span> <span class='ocrx_word' id='word_1_180' title='bbox 248 2173 374 2219; x_wconf 87' lang='lat' dir='ltr'><strong>easier,</strong></span> <span class='ocrx_word' id='word_1_181' title='bbox 389 2173 465 2209; x_wconf 84' lang='lat' dir='ltr'><strong>and</strong></span> <span class='ocrx_word' id='word_1_182' title='bbox 482 2172 555 2208; x_wconf 89' lang='lat' dir='ltr'><strong>less</strong></span> <span class='ocrx_word' id='word_1_183' title='bbox 575 2172 866 2219; x_wconf 85' lang='lat' dir='ltr'><strong>elliptieal.—C.</strong></span> <span class='ocrx_word' id='word_1_184' title='bbox 1510 2222 1513 2224; x_wconf 31' lang='grc'>-</span> 
     </span>
    </p>

    <p class='ocr_par' dir='ltr' id='par_1_5' title="bbox 122 2236 1623 2809">
     <span class='ocr_line' id='line_1_24' title="bbox 177 2236 1622 2288; baseline 0.003 -15"><span class='ocrx_word' id='word_1_185' title='bbox 177 2237 193 2258; x_wconf 79' lang='lat'><strong>⁵¹</strong></span> <span class='ocrx_word' id='word_1_186' title='bbox 214 2236 306 2274; x_wconf 72' lang='lat' dir='ltr'><strong>Nisi</strong></span> <span class='ocrx_word' id='word_1_187' title='bbox 323 2242 469 2274; x_wconf 78' lang='lat' dir='ltr'><strong>nosmet</strong></span> <span class='ocrx_word' id='word_1_188' title='bbox 486 2236 563 2285; x_wconf 82' lang='lat' dir='ltr'><strong>ipsi</strong></span> <span class='ocrx_word' id='word_1_189' title='bbox 582 2237 822 2273; x_wconf 80' lang='lat' dir='ltr'><strong>vindicamus</strong></span> <span class='ocrx_word' id='word_1_190' title='bbox 841 2237 882 2272; x_wconf 84' lang='lat' dir='ltr'><strong>in</strong></span> <span class='ocrx_word' id='word_1_191' title='bbox 903 2236 1150 2288; x_wconf 65' lang='lat' dir='ltr'><strong>libertatem]</strong></span> <span class='ocrx_word' id='word_1_192' title='bbox 1183 2238 1275 2276; x_wconf 85' lang='lat' dir='ltr'><strong>This</strong></span> <span class='ocrx_word' id='word_1_193' title='bbox 1293 2239 1325 2276; x_wconf 85' lang='lat' dir='ltr'><strong>is</strong></span> <span class='ocrx_word' id='word_1_194' title='bbox 1342 2251 1436 2287; x_wconf 87' lang='lat' dir='ltr'><strong>pure</strong></span> <span class='ocrx_word' id='word_1_195' title='bbox 1446 2238 1622 2288; x_wconf 78' lang='lat' dir='ltr'><strong>latinity3</strong></span> 
     </span>
     <span class='ocr_line' id='line_1_25' title="bbox 122 2301 1623 2351; baseline 0.001 -11"><span class='ocrx_word' id='word_1_196' title='bbox 122 2307 270 2341; x_wconf 85' lang='lat' dir='ltr'><strong>nosmet</strong></span> <span class='ocrx_word' id='word_1_197' title='bbox 286 2302 387 2350; x_wconf 89' lang='lat' dir='ltr'><strong>ipsos</strong></span> <span class='ocrx_word' id='word_1_198' title='bbox 405 2301 532 2339; x_wconf 81' lang='lat' dir='ltr'><strong>would</strong></span> <span class='ocrx_word' id='word_1_199' title='bbox 550 2306 618 2338; x_wconf 90' lang='lat' dir='ltr'><strong>not</strong></span> <span class='ocrx_word' id='word_1_200' title='bbox 635 2303 682 2338; x_wconf 89' lang='lat' dir='ltr'><strong>be</strong></span> <span class='ocrx_word' id='word_1_201' title='bbox 699 2302 784 2338; x_wconf 88' lang='lat' dir='ltr'><strong>half</strong></span> <span class='ocrx_word' id='word_1_202' title='bbox 799 2313 839 2338; x_wconf 91' lang='lat' dir='ltr'><strong>so</strong></span> <span class='ocrx_word' id='word_1_203' title='bbox 867 2303 975 2350; x_wconf 87' lang='lat' dir='ltr'><strong>good.</strong></span> <span class='ocrx_word' id='word_1_204' title='bbox 1035 2303 1055 2339; x_wconf 86' lang='grc' dir='ltr'>Ι</span> <span class='ocrx_word' id='word_1_205' title='bbox 1076 2303 1217 2340; x_wconf 83' lang='lat' dir='ltr'><strong>believe</strong></span> <span class='ocrx_word' id='word_1_206' title='bbox 1243 2304 1520 2351; x_wconf 87' lang='lat' dir='ltr'><strong>grammarians</strong></span> <span class='ocrx_word' id='word_1_207' title='bbox 1548 2306 1623 2341; x_wconf 88' lang='lat' dir='ltr'><strong>and</strong></span> 
     </span>
     <span class='ocr_line' id='line_1_26' title="bbox 125 2367 1620 2417; baseline 0 -12"><span class='ocrx_word' id='word_1_208' title='bbox 125 2371 415 2405; x_wconf 85' lang='lat' dir='ltr'><strong>commentators</strong></span> <span class='ocrx_word' id='word_1_209' title='bbox 432 2368 584 2404; x_wconf 86' lang='lat' dir='ltr'><strong>remark</strong></span> <span class='ocrx_word' id='word_1_210' title='bbox 602 2368 688 2404; x_wconf 83' lang='lat' dir='ltr'><strong>that</strong></span> <span class='ocrx_word' id='word_1_211' title='bbox 705 2367 785 2414; x_wconf 87' lang='lat' dir='ltr'><strong>ipse</strong></span> <span class='ocrx_word' id='word_1_212' title='bbox 803 2367 836 2404; x_wconf 88' lang='lat' dir='ltr'><strong>is</strong></span> <span class='ocrx_word' id='word_1_213' title='bbox 861 2367 966 2404; x_wconf 78' lang='lat' dir='ltr'><strong>often</strong></span> <span class='ocrx_word' id='word_1_214' title='bbox 981 2367 1111 2415; x_wconf 88' lang='lat' dir='ltr'><strong>joined</strong></span> <span class='ocrx_word' id='word_1_215' title='bbox 1138 2372 1178 2405; x_wconf 85' lang='lat' dir='ltr'><strong>to</strong></span> <span class='ocrx_word' id='word_1_216' title='bbox 1205 2369 1271 2405; x_wconf 90' lang='lat' dir='ltr'><strong>the</strong></span> <span class='ocrx_word' id='word_1_217' title='bbox 1297 2369 1518 2416; x_wconf 83' lang='lat' dir='ltr'><strong>primitives‚</strong></span> <span class='ocrx_word' id='word_1_218' title='bbox 1539 2380 1620 2417; x_wconf 87' lang='lat' dir='ltr'><strong>ego,</strong></span> 
     </span>
     <span class='ocr_line' id='line_1_27' title="bbox 124 2434 1621 2483; baseline -0.001 -12"><span class='ocrx_word' id='word_1_219' title='bbox 124 2440 178 2481; x_wconf 87' lang='lat' dir='ltr'><strong>tu,</strong></span> <span class='ocrx_word' id='word_1_220' title='bbox 199 2435 272 2480; x_wconf 87' lang='lat' dir='ltr'><strong>ille,</strong></span> <span class='ocrx_word' id='word_1_221' title='bbox 294 2435 364 2471; x_wconf 89' lang='lat' dir='ltr'><strong>sui.</strong></span> <span class='ocrx_word' id='word_1_222' title='bbox 404 2434 442 2470; x_wconf 91' lang='lat' dir='ltr'><strong>It</strong></span> <span class='ocrx_word' id='word_1_223' title='bbox 460 2446 552 2482; x_wconf 81' lang='lat' dir='ltr'><strong>may</strong></span> <span class='ocrx_word' id='word_1_224' title='bbox 571 2445 682 2482; x_wconf 86' lang='lat' dir='ltr'><strong>agree</strong></span> <span class='ocrx_word' id='word_1_225' title='bbox 695 2435 791 2470; x_wconf 79' lang='lat' dir='ltr'><strong>with</strong></span> <span class='ocrx_word' id='word_1_226' title='bbox 809 2435 925 2480; x_wconf 87' lang='lat' dir='ltr'><strong>them,</strong></span> <span class='ocrx_word' id='word_1_227' title='bbox 943 2445 985 2471; x_wconf 89' lang='lat' dir='ltr'><strong>as</strong></span> <span class='ocrx_word' id='word_1_228' title='bbox 1002 2435 1081 2481; x_wconf 86' lang='lat' dir='ltr'><strong>ipse</strong></span> <span class='ocrx_word' id='word_1_229' title='bbox 1093 2439 1252 2483; x_wconf 87' lang='lat' dir='ltr'><strong>egomet,</strong></span> <span class='ocrx_word' id='word_1_230' title='bbox 1267 2434 1334 2471; x_wconf 88' lang='lat' dir='ltr'><strong>illa</strong></span> <span class='ocrx_word' id='word_1_231' title='bbox 1351 2435 1432 2482; x_wconf 86' lang='lat' dir='ltr'><strong>ipsa</strong></span> <span class='ocrx_word' id='word_1_232' title='bbox 1447 2434 1621 2480; x_wconf 78' lang='lat' dir='ltr'><strong>domina3</strong></span> 
     </span>
     <span class='ocr_line' id='line_1_28' title="bbox 122 2498 1623 2547; baseline 0 -11"><span class='ocrx_word' id='word_1_233' title='bbox 122 2500 194 2536; x_wconf 90' lang='lat' dir='ltr'><strong>but</strong></span> <span class='ocrx_word' id='word_1_234' title='bbox 211 2499 323 2535; x_wconf 84' lang='lat' dir='ltr'><strong>when</strong></span> <span class='ocrx_word' id='word_1_235' title='bbox 341 2499 407 2534; x_wconf 90' lang='lat' dir='ltr'><strong>the</strong></span> <span class='ocrx_word' id='word_1_236' title='bbox 424 2498 656 2534; x_wconf 84' lang='lat' dir='ltr'><strong>nominative</strong></span> <span class='ocrx_word' id='word_1_237' title='bbox 674 2499 749 2534; x_wconf 88' lang='lat' dir='ltr'><strong>and</strong></span> <span class='ocrx_word' id='word_1_238' title='bbox 767 2499 870 2534; x_wconf 91' lang='lat' dir='ltr'><strong>word</strong></span> <span class='ocrx_word' id='word_1_239' title='bbox 889 2499 1080 2546; x_wconf 87' lang='lat' dir='ltr'><strong>governed</strong></span> <span class='ocrx_word' id='word_1_240' title='bbox 1097 2500 1150 2547; x_wconf 87' lang='lat' dir='ltr'><strong>by</strong></span> <span class='ocrx_word' id='word_1_241' title='bbox 1168 2499 1234 2535; x_wconf 85' lang='lat' dir='ltr'><strong>the</strong></span> <span class='ocrx_word' id='word_1_242' title='bbox 1260 2500 1352 2536; x_wconf 82' lang='lat' dir='ltr'><strong>verb</strong></span> <span class='ocrx_word' id='word_1_243' title='bbox 1371 2499 1465 2535; x_wconf 87' lang='lat' dir='ltr'><strong>refer</strong></span> <span class='ocrx_word' id='word_1_244' title='bbox 1491 2503 1530 2536; x_wconf 91' lang='lat' dir='ltr'><strong>to</strong></span> <span class='ocrx_word' id='word_1_245' title='bbox 1558 2499 1623 2536; x_wconf 84' lang='lat' dir='ltr'><strong>the</strong></span> 
     </span>
     <span class='ocr_line' id='line_1_29' title="bbox 124 2563 1620 2611; baseline 0 -9"><span class='ocrx_word' id='word_1_246' title='bbox 124 2577 236 2611; x_wconf 89' lang='lat' dir='ltr'><strong>same,</strong></span> <span class='ocrx_word' id='word_1_247' title='bbox 257 2564 288 2601; x_wconf 91' lang='lat' dir='ltr'><strong>it</strong></span> <span class='ocrx_word' id='word_1_248' title='bbox 305 2564 338 2601; x_wconf 91' lang='lat' dir='ltr'><strong>is</strong></span> <span class='ocrx_word' id='word_1_249' title='bbox 355 2564 478 2600; x_wconf 87' lang='lat' dir='ltr'><strong>better</strong></span> <span class='ocrx_word' id='word_1_250' title='bbox 487 2563 573 2599; x_wconf 89' lang='lat' dir='ltr'><strong>that</strong></span> <span class='ocrx_word' id='word_1_251' title='bbox 591 2563 673 2610; x_wconf 86' lang='lat' dir='ltr'><strong>ipse</strong></span> <span class='ocrx_word' id='word_1_252' title='bbox 690 2564 737 2599; x_wconf 92' lang='lat' dir='ltr'><strong>be</strong></span> <span class='ocrx_word' id='word_1_253' title='bbox 751 2567 821 2610; x_wconf 89' lang='lat' dir='ltr'><strong>put</strong></span> <span class='ocrx_word' id='word_1_254' title='bbox 838 2564 878 2599; x_wconf 89' lang='lat' dir='ltr'><strong>in</strong></span> <span class='ocrx_word' id='word_1_255' title='bbox 897 2564 962 2600; x_wconf 89' lang='lat' dir='ltr'><strong>the</strong></span> <span class='ocrx_word' id='word_1_256' title='bbox 978 2564 1222 2610; x_wconf 85' lang='lat' dir='ltr'><strong>nominative,</strong></span> <span class='ocrx_word' id='word_1_257' title='bbox 1239 2575 1282 2601; x_wconf 87' lang='lat' dir='ltr'><strong>as</strong></span> <span class='ocrx_word' id='word_1_258' title='bbox 1291 2565 1390 2611; x_wconf 83' lang='lat' dir='ltr'><strong>here,</strong></span> <span class='ocrx_word' id='word_1_259' title='bbox 1406 2564 1446 2600; x_wconf 91' lang='lat' dir='ltr'><strong>in</strong></span> <span class='ocrx_word' id='word_1_260' title='bbox 1466 2564 1620 2603; x_wconf 83' lang='lat' dir='ltr'><strong>Sallust.</strong></span> 
     </span>
     <span class='ocr_line' id='line_1_30' title="bbox 125 2627 1618 2677; baseline -0.001 -8"><span class='ocrx_word' id='word_1_261' title='bbox 125 2632 164 2668; x_wconf 83' lang='lat' dir='ltr'><strong>It</strong></span> <span class='ocrx_word' id='word_1_262' title='bbox 182 2631 214 2669; x_wconf 85' lang='lat' dir='ltr'><strong>is</strong></span> <span class='ocrx_word' id='word_1_263' title='bbox 231 2632 354 2668; x_wconf 87' lang='lat' dir='ltr'><strong>better</strong></span> <span class='ocrx_word' id='word_1_264' title='bbox 371 2633 412 2666; x_wconf 93' lang='lat' dir='ltr'><strong>to</strong></span> <span class='ocrx_word' id='word_1_265' title='bbox 442 2640 512 2677; x_wconf 85' lang='lat' dir='ltr'><strong>say</strong></span> <span class='ocrx_word' id='word_1_266' title='bbox 531 2632 566 2663; x_wconf 85' lang='lat' dir='ltr'><strong>te</strong></span> <span class='ocrx_word' id='word_1_267' title='bbox 586 2627 667 2675; x_wconf 79' lang='lat' dir='ltr'><strong>ipse</strong></span> <span class='ocrx_word' id='word_1_268' title='bbox 687 2628 839 2675; x_wconf 75' lang='lat' dir='ltr'><strong>laudas,</strong></span> <span class='ocrx_word' id='word_1_269' title='bbox 861 2629 955 2665; x_wconf 86' lang='lat' dir='ltr'><strong>than</strong></span> <span class='ocrx_word' id='word_1_270' title='bbox 989 2633 1024 2663; x_wconf 83' lang='lat' dir='ltr'><strong>te</strong></span> <span class='ocrx_word' id='word_1_271' title='bbox 1043 2628 1180 2675; x_wconf 76' lang='lat' dir='ltr'><strong>ipsum.</strong></span> <span class='ocrx_word' id='word_1_272' title='bbox 1252 2628 1364 2675; x_wconf 83' lang='lat' dir='ltr'><strong>Mela,</strong></span> <span class='ocrx_word' id='word_1_273' title='bbox 1386 2629 1450 2667; x_wconf 92' lang='lat' dir='ltr'><strong>lib.</strong></span> <span class='ocrx_word' id='word_1_274' title='bbox 1472 2631 1507 2676; x_wconf 86' lang='lat'><strong>3,</strong></span> <span class='ocrx_word' id='word_1_275' title='bbox 1529 2643 1561 2667; x_wconf 85' lang='lat' dir='ltr'><strong>e.</strong></span> <span class='ocrx_word' id='word_1_276' title='bbox 1582 2631 1618 2677; x_wconf 87' lang='lat'><strong>8,</strong></span> 
     </span>
     <span class='ocr_line' id='line_1_31' title="bbox 128 2694 1618 2746; baseline -0.001 -12"><span class='ocrx_word' id='word_1_277' title='bbox 128 2697 218 2746; x_wconf 83' lang='lat' dir='ltr'><strong>Ipse</strong></span> <span class='ocrx_word' id='word_1_278' title='bbox 236 2710 276 2734; x_wconf 80' lang='lat' dir='ltr'><strong>se</strong></span> <span class='ocrx_word' id='word_1_279' title='bbox 304 2696 482 2744; x_wconf 77' lang='lat' dir='ltr'><strong>concipit,</strong></span> <span class='ocrx_word' id='word_1_280' title='bbox 517 2696 701 2744; x_wconf 82' lang='lat' dir='ltr'><strong>speaking</strong></span> <span class='ocrx_word' id='word_1_281' title='bbox 733 2695 775 2732; x_wconf 88' lang='lat' dir='ltr'><strong>of</strong></span> <span class='ocrx_word' id='word_1_282' title='bbox 788 2695 853 2732; x_wconf 87' lang='lat' dir='ltr'><strong>the</strong></span> <span class='ocrx_word' id='word_1_283' title='bbox 872 2694 1050 2731; x_wconf 71' lang='lat' dir='ltr'><strong>Phoenix.</strong></span> <span class='ocrx_word' id='word_1_284' title='bbox 1071 2695 1121 2731; x_wconf 91' lang='lat' dir='ltr'><strong>id.</strong></span> <span class='ocrx_word' id='word_1_285' title='bbox 1141 2695 1204 2742; x_wconf 92' lang='lat' dir='ltr'><strong>ib.,</strong></span> <span class='ocrx_word' id='word_1_286' title='bbox 1239 2696 1311 2733; x_wconf 85' lang='lat' dir='ltr'><strong>sibi</strong></span> <span class='ocrx_word' id='word_1_287' title='bbox 1340 2696 1424 2744; x_wconf 87' lang='lat' dir='ltr'><strong>ipsa</strong></span> <span class='ocrx_word' id='word_1_288' title='bbox 1451 2697 1618 2736; x_wconf 86' lang='lat' dir='ltr'><strong>incubat.</strong></span> 
     </span>
     <span class='ocr_line' id='line_1_32' title="bbox 124 2758 1621 2809; baseline -0.003 -9"><span class='ocrx_word' id='word_1_289' title='bbox 124 2762 275 2800; x_wconf 85' lang='lat' dir='ltr'><strong>Ernesti</strong></span> <span class='ocrx_word' id='word_1_290' title='bbox 292 2761 423 2799; x_wconf 90' lang='lat' dir='ltr'><strong>thinks</strong></span> <span class='ocrx_word' id='word_1_291' title='bbox 440 2761 527 2798; x_wconf 83' lang='lat' dir='ltr'><strong>that</strong></span> <span class='ocrx_word' id='word_1_292' title='bbox 543 2761 656 2797; x_wconf 85' lang='lat' dir='ltr'><strong>when</strong></span> <span class='ocrx_word' id='word_1_293' title='bbox 674 2760 778 2797; x_wconf 89' lang='lat' dir='ltr'><strong>there</strong></span> <span class='ocrx_word' id='word_1_294' title='bbox 795 2759 829 2796; x_wconf 87' lang='lat' dir='ltr'><strong>is</strong></span> <span class='ocrx_word' id='word_1_295' title='bbox 857 2758 1081 2806; x_wconf 86' lang='lat' dir='ltr'><strong>opposition,</strong></span> <span class='ocrx_word' id='word_1_296' title='bbox 1102 2759 1167 2797; x_wconf 89' lang='lat' dir='ltr'><strong>the</strong></span> <span class='ocrx_word' id='word_1_297' title='bbox 1185 2759 1335 2808; x_wconf 86' lang='lat' dir='ltr'><strong>oblique</strong></span> <span class='ocrx_word' id='word_1_298' title='bbox 1353 2772 1456 2798; x_wconf 85' lang='lat' dir='ltr'><strong>cases</strong></span> <span class='ocrx_word' id='word_1_299' title='bbox 1474 2762 1517 2799; x_wconf 86' lang='lat' dir='ltr'><strong>of</strong></span> <span class='ocrx_word' id='word_1_300' title='bbox 1537 2763 1621 2809; x_wconf 80' lang='lat' dir='ltr'><strong>ipse</strong></span> 
     </span>
    </p>
   </div>
  </div>
 </body>
</html>
