1889 3191
240 190 316 226 288
611 186 888 251 SALLUSTII
913 191 940 229 J
942 190 1328 232 UGURTHINUM.

238 306 353 353 alios
375 307 666 364 obtruncare,
692 307 881 364 multos,
905 314 1067 356 contra
1088 308 1308 357 advorsos
1341 311 1575 357 acerrume
1598 324 1714 372 pug-

237 391 411 448 nantis,
438 392 496 439 ab
520 398 651 455 tergo
673 393 1031 440 circumvenire:
1055 409 1206 457 neque
1225 395 1388 450 virtus,
1415 409 1565 457 neque
1588 408 1717 441 arma

239 476 352 524 satis
374 483 559 540 tegere3
596 477 720 540 quod
739 477 902 524 hostes
935 493 1131 525 numero
1152 479 1311 541 plures
1334 486 1380 527 et
1402 479 1609 542 undique
1631 479 1717 526 cir-

239 561 442 608 cumfusi
462 581 474 616 3
518 561 726 624 denique,
770 562 972 608 Romani
1008 567 1202 618 vetereS‚
1241 568 1288 609 et
1326 563 1385 610 ob
1430 580 1485 610 ea
1518 563 1716 610 scientes

239 645 388 700 bellis'
413 646 452 692 si
474 661 590 708 quos
613 645 755 701 locus,
777 651 858 692 aut
881 661 1016 692 casus
1039 645 1354 709 conjunxerat,
1381 647 1516 693 orbes
1538 647 1714 695 facere:

239 737 378 793 atque
399 730 466 777 ita
499 731 557 777 ab
596 731 814 778 omnibus
847 731 1060 793 partibus
1097 730 1238 778 simul
1275 731 1387 778 tecti
1422 737 1469 778 et
1500 731 1720 779 instructi

239 815 450 862 hostium
472 815 566 862 vim
590 816 934 863 sustentabant.

305 901 540 948 XCVIII.
565 902 730 965 Neque
751 902 802 948 in
825 918 879 949 eo
902 908 1000 949 tam
1023 918 1187 965 aspero
1204 902 1391 965 negotio
1408 902 1598 950 territus
1617 903 1721 950 Ma-

240 986 353 1042 rius,
380 993 461 1034 aut
495 988 661 1049 magis,
701 988 842 1049 quam
877 989 1026 1042 antea,
1054 987 1256 1034 demisso
1292 987 1448 1034 animo
1480 987 1602 1043 fuit3
1639 988 1722 1035 sed

241 1088 347 1119 cum
371 1072 526 1119 turma
550 1073 632 1119 sua
651 1088 794 1135 ¹quam
818 1088 874 1120 ex
906 1071 1193 1119 fortissumis
1226 1073 1389 1135 magis,
1417 1073 1555 1135 quam
1588 1071 1722 1119 fami-

240 1157 532 1212 liarissumis,
557 1162 814 1219 paraverat,
833 1157 991 1220 vagari
1004 1158 1181 1219 passim
1199 1177 1210 1212 ;
1237 1172 1289 1203 ac
1311 1156 1451 1204 modo
1471 1156 1723 1204 laboranti-

241 1243 330 1288 bus
355 1241 450 1288 suis
475 1256 754 1296 succurrere,
791 1240 930 1287 modo
963 1240 1130 1296 hostis,
1157 1240 1240 1286 ubi
1273 1239 1621 1288 confertissumi
1643 1242 1724 1288 ob-

244 1327 472 1380 stiterant,
498 1325 741 1372 invadere:
778 1341 922 1371 manu
945 1325 1184 1371 consulere
1214 1325 1480 1380 militibus,l
1503 1327 1722 1388 quoniam

242 1410 484 1472 imperare,
511 1409 799 1456 conturbatis
836 1408 1068 1464 omnibuS,
1110 1425 1207 1455 non
1245 1415 1443 1471 poterat.
1525 1410 1723 1473 Jamque

244 1495 342 1542 dies
376 1499 650 1542 consumtus
690 1501 803 1549 erat,
847 1496 954 1540 cum
997 1500 1156 1540 tamen
1191 1493 1375 1541 barbari
1413 1494 1534 1540 nihil
1567 1495 1724 1542 remit·

242 1679 448 1727 cordingly,
470 1679 490 1715 Ι
508 1679 606 1715 have
624 1679 719 1714 done
734 1692 743 1723 ς
771 1678 828 1715 for
848 1679 865 1715 I
886 1679 932 1714 do
950 1682 1017 1714 not
1035 1689 1094 1714 see
1112 1677 1216 1714 what
1234 1678 1332 1725 good
1349 1688 1453 1714 sense
1471 1689 1542 1714 can
1559 1679 1605 1715 be
1619 1680 1726 1716 made

242 1742 284 1778 of
297 1742 361 1778 the
380 1741 494 1788 place,
514 1742 546 1777 if
559 1742 663 1777 these
681 1741 803 1778 words
821 1743 867 1778 be
884 1741 998 1777 taken
1018 1740 1334 1777 otherwise—M.

296 1804 309 1824 ⁷
343 1805 499 1850 Veteres,
519 1805 689 1850 novique,
711 1809 747 1839 et
765 1805 809 1839 ob
830 1817 874 1839 ea
893 1804 1052 1839 scientes
1068 1801 1189 1852 bellzl]
1212 1803 1374 1851 Though
1389 1803 1538 1841 Cortius
1557 1815 1674 1842 seems
1688 1811 1727 1841 to

244 1873 392 1916 suspect
409 1868 496 1904 that
513 1867 577 1903 the
595 1867 717 1902 words
734 1867 907 1914 novique,
928 1871 965 1903 et
984 1867 1031 1903 ob
1050 1877 1093 1903 ea
1111 1878 1173 1902 are
1192 1867 1374 1913 spurious,
1396 1870 1461 1914 yet
1491 1867 1539 1903 he
1557 1867 1636 1903 will
1662 1872 1728 1904 not

243 1935 330 1970 take
348 1944 450 1979 upon
467 1932 547 1968 him
578 1936 618 1968 to
649 1932 772 1968 throw
804 1934 908 1969 them
926 1938 1015 1976 out3
1045 1943 1132 1980 nay,
1154 1932 1285 1968 thinks
1314 1933 1406 1980 they
1431 1943 1522 1980 may
1548 1933 1638 1970 bear
1663 1934 1728 1970 the

244 2011 348 2036 sense
368 1999 386 2035 Ι
405 1999 503 2035 have
521 1999 635 2046 given
653 1998 758 2034 them
785 1998 825 2034 in
842 1999 907 2034 the
934 1998 1167 2044 translation,
1188 1998 1323 2044 which,
1343 1998 1374 2034 it
1401 2002 1503 2034 must
1520 1999 1566 2035 be
1584 2000 1726 2044 owned‚

244 2068 274 2102 is
293 2079 316 2103 a
334 2066 430 2102 little
449 2065 622 2110 strained,
645 2065 720 2100 and
746 2069 814 2100 not
831 2069 872 2101 at
890 2064 942 2101 all
972 2064 1122 2101 natural
1141 2075 1181 2100 or
1208 2075 1308 2112 easy.
1366 2064 1439 2100 His
1466 2069 1654 2102 comment
1680 2076 1729 2102 on

243 2131 308 2166 the
327 2129 431 2176 place
449 2129 490 2173 is,
513 2128 684 2175 Denique
717 2127 747 2164 si
776 2128 965 2164 Romanos
996 2131 1140 2164 veteres
1170 2138 1373 2174 novosque,
1395 2127 1459 2174 qui
1484 2128 1532 2164 ob
1557 2127 1608 2173 id,
1629 2128 1729 2174 quod

244 2194 558 2240 conjungerentur
577 2191 764 2227 veteribus
795 2191 905 2228 facile
925 2202 1065 2227 morem
1097 2191 1241 2227 militiae
1269 2191 1472 2236 discebant,
1506 2201 1614 2226 casus
1640 2201 1729 2227 con-

242 2259 436 2303 junxerat,
468 2254 523 2290 illi
555 2254 661 2290 orbes
692 2254 822 2290 facere.
881 2254 940 2289 En
965 2254 1034 2290 tibi
1054 2253 1206 2301 Dictyn,
1228 2254 1293 2300 qui
1323 2253 1448 2290 locum
1476 2252 1657 2299 imitatur,
1677 2253 1728 2289 iv.

245 2334 323 2369 cap.
349 2324 381 2366 1,
403 2320 538 2356 Paucis
557 2319 686 2355 diebus
703 2330 903 2366 pervenere
922 2320 970 2355 ad
988 2319 1163 2366 AEgaeum
1182 2330 1306 2355 mare:
1335 2319 1387 2355 ibi
1405 2319 1527 2356 multa
1550 2318 1732 2355 imbribus

244 2387 450 2433 ventisque,
472 2388 509 2420 et
527 2384 574 2420 ob
594 2384 631 2419 id
650 2384 824 2420 saeviente
843 2383 949 2428 mari,
969 2384 1126 2431 indigna
1151 2383 1308 2430 experti,
1330 2384 1480 2430 passim,
1502 2387 1545 2418 ut
1572 2393 1651 2419 sors
1670 2386 1731 2419 tu-

244 2450 349 2494 lerat,
371 2447 732 2495 dispalantur.—-M.

299 2513 486 2553 XCVIII.
516 2511 527 2533 ¹
551 2514 677 2549 Manu
697 2513 888 2548 consulere
905 2510 1122 2561 militibus]
1145 2512 1382 2559 Ineptissime
1400 2513 1480 2549 haec
1498 2515 1661 2549 tractant
1674 2511 1733 2547 in-

245 2585 432 2627 terpretes,
453 2577 539 2615 cum
558 2583 639 2615 tam
657 2577 899 2614 manifestum
914 2578 963 2614 sit
981 2578 1145 2614 Marium
1163 2578 1315 2623 virtute,
1336 2578 1480 2614 auxilio
1499 2588 1565 2614 suo
1584 2587 1732 2624 suaeque

245 2649 379 2681 turmae
398 2644 625 2681 consuluisse
643 2643 837 2680 militibus.
895 2640 1028 2690 Supra,
1044 2654 1124 2690 cap.
1147 2643 1208 2689 39,
1233 2643 1342 2687 Quod
1360 2646 1527 2680 armatus
1545 2642 1729 2685 dedecore,

247 2707 371 2756 potitis
390 2719 504 2755 quam
524 2719 639 2745 manu
658 2707 818 2745 salutem
837 2706 1173 2755 quaesiverit.—M.
