1889 3191
273 263 285 297 l
297 263 317 297 8
323 263 343 297 2
650 258 924 299 SALLUSTII
950 255 1360 296 JUGURTHINUM.

266 379 393 443 pune
415 379 538 426 male
560 377 738 434 fecisse,
764 377 855 424 nisi
878 375 1046 424 deinde
1068 373 1273 422 faciundi
1304 370 1489 420 licentia
1517 369 1737 433 eripitur:

266 473 313 512 et
335 464 465 511 vobis
502 470 676 511 aeterna
714 461 959 510 solicitudo
997 459 1267 515 remanebit,
1305 461 1411 505 cum
1444 455 1739 519 intellegetis,

266 557 347 597 aut
371 549 668 597 serviundum
691 564 805 602 esse,
843 553 923 593 aut
946 562 1028 609 per
1060 560 1227 591 manus
1248 543 1510 590 libertatem
1542 541 1742 589 retinen-

265 636 388 682 dam.
442 635 567 681 Nam
588 633 698 680 fidei
721 631 921 694 quidem,
948 637 1029 677 aut
1052 628 1310 677 concordiae
1333 643 1438 691 quae
1461 626 1600 690 spes?
1647 627 1741 672 Do-

265 822 347 855 vos
382 804 656 868 prohibere:
693 802 943 866 postremo,
983 802 1120 848 sociis
1144 799 1311 848 vestris
1336 798 1475 846 veluti
1509 797 1739 853 hostibus,

264 893 482 940 hostibus
515 906 600 955 pro
626 890 761 937 sociis
784 887 1022 935 utuntur.'¹
1091 887 1314 934 Potestne
1346 885 1397 932 in
1417 891 1516 932 tam
1549 883 1745 931 divorsis

265 979 502 1027 mentibus
524 994 630 1041 pax,
658 982 738 1023 aut
761 974 964 1022 amicitia
987 989 1087 1020 esse
1108 972 1128 1020 'f
1200 974 1354 1028 Quare
1376 987 1541 1018 moneo
1563 970 1743 1017 hortor-

267 1082 370 1129 que,
396 1080 455 1112 ne
477 1069 662 1111 tantum
686 1062 834 1110 scelus
856 1060 1141 1124 impunitum
1159 1058 1402 1106 omittatis,
1472 1058 1583 1104 Non
1604 1072 1744 1120 pecu·

266 1153 390 1198 latus
415 1150 565 1198 aerarii
588 1149 738 1196 factus
774 1154 860 1204 est,
887 1163 1035 1210 neque
1057 1161 1141 1209 per
1174 1146 1268 1192 vim
1292 1144 1428 1192 sociis
1462 1149 1634 1206 ereptae
1666 1157 1744 1206 pe·

266 1237 416 1284 cuniae
441 1258 452 1292 ;
479 1252 584 1299 quae
608 1250 888 1298 quamquam
913 1232 1083 1296 gravia,
1111 1238 1269 1279 tamen
1296 1228 1630 1278 consuetudine
1645 1229 1744 1292 jam

264 1339 349 1386 pro
372 1322 520 1369 nihilo
542 1321 789 1367 habentur.
849 1318 992 1366 Hosti
1014 1334 1251 1365 acerrumo
1267 1316 1453 1380 prodita
1476 1314 1623 1362 senati
1640 1330 1746 1361 auc-

266 1409 447 1463 toritas,
486 1406 722 1470 proditum
757 1403 1005 1467 imperium
1039 1409 1275 1458 vestrum;
1311 1402 1438 1448 domi
1476 1401 1746 1464 militiaeque

267 1493 527 1557 respublica
548 1491 721 1539 venalis
745 1490 848 1536 fuit.
916 1490 1035 1545 Quae
1057 1489 1149 1535 nisi
1182 1487 1379 1552 quaesita
1401 1492 1551 1542 erunt,
1577 1487 1627 1532 ni
1647 1486 1747 1532 vin-

267 1580 473 1626 dicatum
495 1578 545 1624 in
567 1577 760 1632 noxios;
798 1575 911 1639 quid
950 1575 1192 1638 reliquum,
1220 1573 1312 1620 nisi
1351 1579 1405 1619 ut
1438 1572 1544 1628 illis,
1579 1572 1659 1635 qui
1693 1587 1746 1618 ea

266 1666 426 1720 fecere,
454 1664 721 1712 obedientes
743 1659 988 1708 vivamus?
1023 1677 1133 1707 nam
1165 1660 1355 1722 impune
1377 1675 1482 1722 quae
1513 1656 1649 1705 libet⁸
1678 1657 1745 1703 fa-

269 1811 303 1845 p.
329 1798 416 1843 206,
439 1795 612 1843 explains
629 1795 733 1832 these
752 1795 873 1830 words
893 1793 990 1839 thus,
1014 1793 1154 1830 Parum
1180 1791 1255 1830 illis
1273 1795 1330 1831 est
1346 1801 1413 1838 pro
1439 1792 1547 1827 tanto
1563 1790 1746 1837 importu-

267 1864 397 1899 nitatis
416 1861 577 1910 negotio,
599 1865 793 1907 quantum,
818 1859 981 1897 δια-Ο.

322 1927 335 1947 ⁷
365 1926 550 1963 Hostibus
563 1937 638 1972 pro
657 1924 770 1961 sociis
788 1921 980 1973 utuntur]
1012 1924 1098 1961 Vid.
1122 1923 1295 1971 Xenoph.
1319 1925 1483 1967 Αναβασ.
1513 1933 1548 1969 p.
1580 1921 1667 1966 108,
1687 1920 1745 1957 ed.

274 1993 475 2030 Hutchins.
497 1996 534 2028 et
554 1990 655 2028 Cort.
675 1990 771 2037 here,
785 1990 950 2038 treating
963 1989 1005 2026 of
1019 1995 1187 2036 utuntur,
1204 1990 1328 2027 which
1346 2001 1476 2027 means
1488 1990 1577 2026 here
1594 1987 1744 2032 habent,

271 2065 451 2105 tractant,
473 2056 751 2110 χξῦνταιι.--Ο.

325 2126 339 2143 ³
362 2125 466 2161 Nam
487 2122 637 2172 impune
658 2135 738 2171 quoe
758 2122 856 2168 libet,
880 2119 966 2171 &c.]
990 2120 1089 2157 Here
1107 2121 1171 2157 the
1183 2120 1442 2158 transatlantic
1460 2120 1651 2168 professor,
1664 2117 1747 2155 An-

272 2186 375 2236 th6n‚
396 2191 465 2227 has
484 2201 585 2227 more
603 2190 697 2226 than
716 2187 901 2234 surprised
918 2198 988 2223 me.
1019 2186 1080 2222 He
1099 2197 1185 2234 says
1203 2186 1288 2222 that
1305 2197 1376 2221 rex·
1394 2186 1426 2222 is
1443 2186 1507 2222 the
1525 2196 1626 2222 more
1640 2184 1749 2221 usual

273 2257 532 2295 construction.
592 2255 673 2293 Can
692 2253 711 2290 I
729 2252 871 2291 believe
887 2253 972 2288 that
991 2250 1178 2287 Professor
1195 2251 1352 2287 Anthou
1377 2251 1446 2287 has
1463 2250 1606 2297 penned
1632 2249 1716 2286 that
1729 2246 1749 2285 ⁴?

275 2323 345 2369 Oh,
367 2321 533 2359 classieal
553 2319 716 2357 scholars
742 2318 784 2355 of
798 2317 914 2356 Great
932 2316 1078 2353 Britain
1097 2317 1170 2353 and
1189 2315 1348 2362 Ireland‚
1363 2315 1442 2353 will
1458 2327 1535 2365 you
1561 2315 1629 2352 soil
1654 2326 1751 2363 your

270 2388 438 2424 libraries
457 2388 508 2435 by
526 2385 711 2433 retaining
741 2384 800 2421 his
820 2383 962 2422 Sallust
993 2393 1069 2431 any
1096 2379 1253 2430 longer?
1308 2382 1328 2418 Ι
1354 2381 1467 2419 know
1493 2382 1558 2419 the
1584 2380 1752 2418 classical

274 2452 436 2489 scholars
455 2453 495 2488 of
509 2452 573 2488 the
593 2450 795 2489 Continent
811 2460 925 2486 never
941 2459 1007 2486 use
1023 2448 1065 2485 it.
1121 2447 1161 2484 If
1173 2459 1242 2483 rex
1261 2447 1386 2485 would
1411 2448 1457 2485 be
1475 2459 1498 2484 a
1514 2448 1635 2484 better
1661 2457 1750 2483 con-

275 2519 464 2564 struction,
486 2517 618 2563 which,
641 2516 661 2553 I
679 2519 806 2561 assert,
826 2514 951 2552 would
967 2515 1014 2552 be
1031 2514 1104 2551 bad
1123 2513 1244 2560 Latin,
1264 2514 1355 2561 why
1365 2513 1434 2550 has
1452 2524 1520 2550 our
1537 2513 1672 2550 author
1683 2516 1750 2548 not

275 2583 424 2619 written
443 2582 615 2618 dominus
634 2582 708 2618 and
727 2581 944 2629 imperator,
961 2580 1018 2616 ch.
1037 2580 1086 2616 85
1102 2576 1121 2615 ⁴?
1149 2578 1222 2615 His
1235 2579 1367 2625 words,
1382 2578 1556 2626 Namque
1569 2575 1656 2614 chm
1669 2580 1750 2614 tute

276 2661 340 2696 per
358 2649 552 2685 mollitiem
571 2660 671 2697 agas,
693 2647 900 2684 exercitum
927 2645 1107 2694 supplicio
1125 2656 1264 2693 cogere,
1294 2645 1333 2682 id
1359 2649 1424 2691 est,
1445 2644 1644 2690 dominum,
1673 2653 1749 2679 non

276 2712 542 2759 imperatorem
561 2723 648 2749 esse.
707 2712 746 2749 Is
764 2715 831 2749 not
849 2712 925 2748 this
951 2710 1133 2758 precisely
1150 2711 1214 2747 the
1232 2721 1334 2748 same
1359 2709 1609 2748 construction
1622 2705 1641 2743 ἱ)
1694 2705 1748 2743 At
