1889 3191
594 245 873 286 SALLUSTII
902 243 1120 284 CATILIN
1121 245 1168 281 A.
1584 246 1605 280 7
1610 243 1631 279 9

141 364 386 412 Volturcio
421 362 602 410 litteras
639 363 700 410 ad
723 362 977 410 Catilinam
1002 363 1096 418 dat,
1140 377 1338 424 quarum
1363 361 1631 423 exemplum

130 449 250 496 infra
273 448 518 511 scriptum.

198 539 229 562 “
247 533 366 589 Quis
391 533 495 590 sim,
523 549 580 580 ex
604 549 672 589 eo,
714 550 853 598 quem
877 534 938 581 ad
960 541 1007 581 te
1031 533 1152 590 misi,
1198 549 1465 597 cognosces.
1537 535 1630 582 Fac

129 618 317 682 cogites,
345 619 394 665 in
419 619 594 683 quanta
617 618 885 667 calamitate
908 620 986 676 sis,
1015 626 1062 667 et
1085 619 1356 667 memineris
1379 625 1427 667 te
1449 620 1600 668 virum
1612 642 1625 677 ;

127 704 406 761 consideres,
451 705 565 768 quid
587 711 685 752 tuae
708 705 913 753 rationes
931 705 1175 769 postulent
1196 725 1206 752 ε
1245 706 1470 753 auxilium
1493 712 1629 770 petas

127 791 184 837 ab
210 791 445 848 omnibus,
472 791 614 838 etiam
640 792 697 838 ab
721 791 949 838 infimis.''

191 876 271 923 Ad
292 876 397 933 hoc,
425 877 648 924 mandata
669 877 823 924 verbis
849 878 930 925 dat
953 897 963 925 :
1013 884 1043 904 ‘⁵
1062 877 1185 925 Cum
1201 878 1259 924 ab
1286 884 1452 925 senatu
1474 878 1628 926 hostis

119 964 359 1028 judicatus
391 965 465 1020 sit,
515 980 606 1028 quo
643 964 837 1011 consilio
873 963 1081 1012 servitia2
1117 964 1377 1027 repudiet?
1426 965 1475 1011 in
1511 965 1627 1012 urbe

124 1057 288 1113 parata
311 1067 427 1107 esse,
457 1067 562 1115 quae
580 1049 776 1113 jusserit
798 1069 808 1096 :
846 1066 905 1097 ne
929 1056 1175 1097 cunctetur
1204 1050 1307 1113 ipse
1329 1051 1526 1114 propius
1550 1068 1626 1098 ac-

121 1135 328 1183 cedere.''

188 1223 347 1268 XLV.
381 1223 474 1270 His
497 1223 638 1270 rebus
661 1223 729 1269 ita
753 1222 884 1278 actis,
927 1222 1187 1270 constituta
1226 1230 1364 1271 nocte
1405 1225 1495 1288 qua
1518 1242 1625 1289 pro-

121 1308 456 1364 ficiscerentur,
494 1309 671 1364 Cicero,
710 1325 794 1372 per
816 1309 998 1372 legatos
1023 1315 1191 1356 cuncta
1214 1308 1425 1366 edoctus,
1452 1311 1509 1358 L.
1532 1311 1625 1359 Va-

119 1393 234 1441 lerio
258 1394 426 1441 Flacco
466 1400 512 1441 et
537 1394 593 1442 C.
622 1394 846 1441 Pomtino
886 1393 1178 1441 Praetoribus
1213 1394 1428 1458 imperat,
1469 1396 1541 1443 uti
1574 1397 1624 1443 in

119 1487 264 1542 ponte
289 1480 488 1527 Mulvio¹
513 1497 596 1544 per
618 1480 814 1527 insidias
838 1479 1151 1543 Allobrogum
1182 1481 1434 1528 comitatus
1459 1481 1622 1545 depre-

119 1565 362 1612 hendant:
401 1582 500 1614 rem
533 1583 721 1614 omnem
753 1567 917 1630 aperit,
946 1567 1080 1630 cujus
1105 1567 1255 1630 gratia
1277 1568 1620 1617 mittebantur:

121 1658 304 1708 caetera,
331 1653 404 1700 uti
426 1652 553 1700 facto
577 1669 697 1716 opus
721 1654 797 1709 sit,
824 1653 892 1700 ita
914 1659 1070 1716 agant,
1098 1653 1349 1716 permittit.
1386 1654 1621 1703 Homines

120 1739 362 1795 militares,
405 1740 504 1787 sine
543 1741 757 1787 tumultu
794 1740 1029 1803 praesidiis
1053 1739 1307 1796 collocatis,
1340 1741 1479 1788 sicuti
1500 1759 1621 1805 prae-

121 1832 310 1889 ceptum
335 1833 449 1882 erat,
477 1826 656 1873 occulte
677 1833 872 1890 pontem
896 1825 1136 1872 obsidunt.
1208 1825 1466 1890 Postquam
1490 1828 1550 1875 ad
1573 1829 1623 1876 id

118 1910 211 1958 loci
233 1911 377 1975 legati
400 1928 507 1958 cum
531 1912 774 1959 Volturcio
796 1912 978 1967 venere,
1023 1917 1070 1959 et
1110 1911 1251 1958 simul
1273 1912 1509 1977 utrimque
1533 1914 1622 1962 cla-

117 2013 221 2043 mor
259 2005 449 2045 exortus
474 2004 578 2054 est,
619 1998 757 2054 Galli,
786 1998 880 2045 cito
902 1997 1092 2060 cognito
1123 1997 1332 2053 consilio,
1369 1998 1467 2046 sine
1490 2001 1623 2047 mora

119 2083 412 2131 Praetoribus
454 2101 502 2131 se
543 2083 756 2131 tradunt.
825 2083 1098 2130 Volturcius
1135 2083 1302 2146 primo,
1347 2084 1622 2132 cohortatus

121 2174 330 2226 caeteros,
359 2170 516 2232 gladio
558 2186 607 2217 se
648 2187 675 2216 a
711 2169 1016 2216 multitudine
1053 2168 1293 2223 defendit;
1332 2168 1454 2225 dein,
1479 2171 1561 2217 ubi
1595 2187 1623 2217 a

118 2254 285 2318 legatis
323 2255 537 2303 desertus
575 2263 662 2311 est,
701 2255 853 2302 multa
887 2254 1021 2318 prius
1065 2254 1122 2301 de
1163 2254 1313 2301 salute
1338 2255 1421 2302 sua
1446 2256 1622 2303 Pomti-

172 2425 186 2447 ²
223 2427 307 2470 Quo
324 2428 482 2466 consilio
501 2430 672 2477 servitia,
696 2427 783 2480 &c.]
817 2429 903 2468 Seil.
924 2428 1104 2477 rogitans.
1135 2428 1224 2465 Vid.
1238 2427 1406 2465 Perizon.
1429 2429 1477 2464 ad
1493 2428 1621 2467 Sanct.

118 2491 282 2528 Minerv.
303 2490 368 2528 lib.
390 2493 426 2538 4,
448 2505 479 2529 0.
502 2494 537 2539 5,
558 2505 598 2540 p.
619 2493 810 2531 663.-C.

176 2555 301 2593 XLV.
333 2549 493 2592 ¹‘P0nte
515 2555 701 2606 Mulvio]
732 2556 771 2593 A
783 2557 916 2604 bridge
933 2567 1036 2603 upon
1054 2556 1120 2592 the
1139 2555 1259 2601 Tiber‚
1280 2554 1396 2592 about
1421 2559 1497 2592 two
1515 2555 1623 2593 miles

117 2632 168 2668 up
187 2621 253 2657 the
271 2621 372 2657 river
389 2620 487 2656 from
506 2619 636 2665 Rome,
672 2631 722 2656 on
753 2620 819 2656 the
836 2620 929 2655 road
945 2619 1101 2667 leading
1128 2623 1169 2656 to
1187 2618 1351 2665 Etruria,
1385 2630 1472 2657 now
1504 2619 1622 2657 called

111 2689 230 2731 ponte
251 2683 390 2720 Mallo.
448 2683 550 2720 Here
563 2683 628 2720 the
647 2682 710 2718 via
731 2681 933 2718 Flaminia
952 2682 1207 2730 begins—M.
