1889 3191
311 246 329 280 1
337 244 357 281 5
363 245 386 281 Ο
688 241 961 282 SALLUSTII
987 243 1013 280 J
1016 241 1394 282 UGURTHINUM.

309 376 456 424 neque
479 359 595 408 mori
616 359 723 408 licet
756 361 854 408 sine
887 360 1123 408 dedecore.
1193 360 1357 408 Patres
1390 359 1652 423 conscripti,
1689 375 1772 422 per

309 463 405 503 vos,
429 446 599 494 liberos
621 452 758 510 atque
782 452 1011 509 parentes,
1047 462 1130 509 per
1162 446 1451 509 majestatem
1482 445 1643 510 populi
1677 445 1782 492 Ro-

312 533 451 588 mani,
479 531 718 579 subvenite
739 531 908 578 misero
932 530 1050 578 mihi
1068 552 1080 587 ;
1105 530 1169 578 ite
1192 531 1372 578 obviam
1393 531 1605 595 injuriae3
1630 531 1773 579 nolite

311 618 422 680 pati,
446 633 641 680 regnum
664 615 918 672 Numidiae,
945 615 1070 680 quod
1102 622 1306 664 vestrum
1329 623 1413 673 est,
1439 633 1523 680 per
1556 616 1705 665 scelus
1728 622 1775 663 et

312 705 585 768 sanguinem
607 702 795 750 familiae
818 708 991 750 nostrae
1013 703 1264 750 tabescere.

377 790 482 836 XV.
520 789 773 853 Postquam
813 789 916 836 Rex
948 789 1088 836 finem
1120 787 1339 852 loquendi
1371 787 1494 844 fecit,
1519 788 1659 852 legati
1693 789 1723 835 J
1726 805 1775 835 u-

311 874 496 937 gurthae
519 874 761 938 largitione
794 875 957 937 magis,
984 874 1121 938 quam
1157 874 1319 922 caussa
1354 873 1476 930 freti,
1511 874 1672 937 paucis
1705 890 1777 921 re-

313 961 542 1025 spondent
563 980 573 1008 :
603 967 635 988 “
654 961 975 1024 Hiempsalem
997 961 1056 1008 ob
1081 960 1304 1008 saevitiam
1329 976 1460 1008 suam
1484 961 1541 1007 ab
1556 960 1778 1008 Numidis

310 1046 635 1096 interfectum:
662 1047 975 1095 Adherbalem
998 1046 1121 1094 ultro
1144 1046 1318 1094 bellum
1339 1046 1628 1102 inferentem,
1650 1053 1778 1110 post-

312 1150 451 1197 quam
474 1140 716 1197 superatus
756 1134 832 1189 sit,
860 1133 1002 1197 queri,
1029 1133 1151 1197 quod
1185 1132 1401 1197 injuriam
1440 1132 1587 1180 facere
1620 1132 1777 1196 nequi·

311 1220 468 1267 visset.
533 1220 566 1268 J
569 1219 821 1282 ugurtham
844 1220 901 1266 ab
927 1225 1091 1266 senatu
1113 1225 1284 1282 petere,
1303 1234 1361 1266 ne
1376 1217 1517 1265 alium
1540 1224 1775 1281 putarent,

313 1323 365 1353 ac
387 1306 658 1354 Numantiae
681 1305 893 1368 cognitus
917 1311 1053 1361 esset,
1073 1321 1165 1352 neu
1185 1304 1325 1352 verba
1340 1303 1514 1351 inimici
1528 1310 1634 1351 ante
1658 1303 1779 1350 facta

315 1408 397 1439 sua
418 1391 692 1455 ponerent.’'
766 1390 945 1439 Deinde
968 1391 1151 1454 utrique
1174 1389 1299 1437 curia
1316 1389 1627 1453 egrediuntur.
1697 1390 1778 1437 Se-

312 1484 450 1524 natus
485 1478 641 1525 statim
680 1477 964 1524 consulitur:
999 1476 1202 1524 fautores
1238 1476 1510 1539 legatorum,
1559 1478 1781 1539 praeterea

314 1579 482 1627 magna
516 1579 624 1627 pars
660 1563 807 1626 gratia
833 1563 1082 1626 depravati,
1111 1562 1390 1610 Adherbalis
1422 1562 1544 1610 dicta
1579 1570 1780 1611 contem-

313 1665 435 1704 nere,
461 1651 492 1698 J
498 1649 712 1713 ugurthae
735 1648 953 1696 virtutem
969 1648 1182 1696 extollere
1205 1647 1418 1695 laudibus
1439 1667 1451 1703 ;
1476 1648 1638 1710 gratia,
1657 1665 1779 1702 voce,

316 1735 512 1799 denique
535 1735 750 1782 omnibus
773 1734 922 1782 modis
945 1750 1029 1797 pro
1053 1734 1201 1781 alieno
1227 1733 1393 1781 scelere
1417 1739 1462 1780 et
1485 1734 1674 1796 flagitio,
1700 1737 1781 1781 sua

315 1821 447 1885 quasi
468 1837 553 1884 pro
587 1820 745 1883 gloria,
784 1820 1066 1867 nitebantur.
1135 1820 1202 1868 At
1236 1819 1394 1867 contra
1426 1819 1577 1882 pauci,
1613 1820 1780 1883 quibus

315 1908 490 1953 bonum
517 1913 561 1954 et
585 1922 771 1970 aequum
795 1905 970 1952 divitiis
1005 1905 1168 1961 carius,
1208 1905 1579 1953 subveniundum
1604 1906 1781 1954 Adher·

317 1992 425 2048 hali,
451 1998 497 2040 et
532 1990 818 2056 Hiempsalis
855 1997 1051 2038 mortem
1088 1992 1238 2039 severe
1272 1990 1594 2039 vindicandam
1628 2007 1781 2040 cense-

318 2079 448 2126 bant.
500 2077 591 2126 Sed
613 2093 667 2125 ex
691 2076 905 2124 omnibus
927 2078 1142 2125 maxume
1160 2076 1376 2125 AEmilius
1402 2076 1615 2132 Scauru3‚
1643 2077 1783 2125 homo

317 2160 501 2218 nobilis,
527 2160 740 2225 impiger,
776 2159 1012 2216 factiosus,
1039 2159 1199 2207 avidus
1223 2159 1457 2223 potentiae,
1486 2159 1687 2215 honoriS,
1717 2160 1782 2207 di-

318 2247 532 2295 vitiarum
558 2266 570 2303 ;
612 2248 831 2295 caeterum
854 2244 966 2293 vitia
1001 2261 1084 2293 sua
1107 2244 1270 2294 callide
1295 2244 1546 2292 occultans.
1571 2245 1625 2300 is,
1657 2253 1781 2308 post·

320 2350 458 2397 quam
481 2332 606 2382 videt
629 2332 771 2397 Regis
792 2331 1084 2396 largitionem
1105 2330 1333 2379 famosam
1356 2330 1778 2396 impudentemque,

320 2508 501 2545 Praeterea
519 2504 789 2543 observandum
803 2503 841 2541 in
858 2503 928 2541 hoc
943 2502 1041 2542 Livii
1057 2502 1137 2541 loco
1150 2503 1336 2552 privatam
1350 2502 1465 2551 patris
1482 2502 1674 2539 caritatem
1687 2504 1782 2550 pub-

320 2572 390 2608 lico
421 2568 581 2607 consulis
609 2567 810 2606 ministerio
840 2567 1068 2616 pumicaeque
1096 2578 1214 2616 poenae
1241 2566 1385 2615 opponi.
1441 2564 1476 2603 A
1503 2577 1634 2614 person
1660 2566 1781 2602 would

321 2634 482 2682 imagine
500 2633 583 2670 that
601 2642 668 2669 one
683 2631 722 2669 of
736 2632 838 2670 these
850 2631 1061 2680 gentlemen
1071 2630 1283 2669 committed
1299 2629 1513 2678 plagiarism
1527 2640 1574 2665 on
1587 2629 1650 2665 the
1664 2629 1778 2665 other.

324 2697 392 2736 See
427 2695 504 2734 also
539 2696 602 2732 the
627 2694 927 2744 supplementary
959 2699 1061 2733 notes
1089 2695 1129 2732 of
1156 2706 1221 2743 my
1253 2697 1349 2731 most
1379 2693 1524 2730 learned
1551 2691 1677 2737 friend,
1707 2691 1779 2729 Mt,

323 2759 487 2806 Walker,
507 2769 555 2796 on
572 2758 636 2795 the
653 2757 917 2807 passage.-—C.
