1889 3191
213 198 234 231 2
244 198 289 232 12
598 198 875 238 SALLUSTII
903 197 1318 238 JUGURTHINUM.

210 312 433 374 praesidio
457 315 590 378 quasi
612 313 757 362 duum
780 316 981 364 millium
1005 316 1220 380 peditum
1253 323 1462 364 montem
1487 323 1698 380 occupat,

212 398 304 459 qua
326 397 552 445 Metellus
575 397 878 446 descenderat
899 418 909 447 ε
948 402 1005 446 ne
1038 399 1158 447 forte
1181 399 1454 448 cedentibus
1488 399 1703 447 advorsa·

212 481 293 528 riis
317 485 538 547 receptui,
565 501 618 532 ac
639 485 748 547 post
769 485 1063 532 munimento
1087 485 1223 532 foret.
1250 485 1372 542 dein,
1394 486 1584 548 repente
1611 485 1704 547 sig·

213 584 274 614 no
299 567 422 625 dato,
450 569 602 615 hostis
625 569 818 615 invadit.
868 568 1093 615 Numidae
1111 568 1189 614 alii
1206 576 1469 631 postremos
1493 569 1700 624 caedere;

212 668 322 714 pars
345 669 372 699 a
396 653 584 699 sinistra
619 669 672 700 ac
707 650 871 700 dextra
904 660 1083 700 tentare
1109 672 1120 707 ;
1163 653 1335 699 infensi
1369 654 1531 702 adesse
1565 661 1704 718 atque

212 736 387 784 instare
406 756 415 783 ε
455 737 672 784 omnibus
696 738 810 784 locis
834 738 1155 784 Romanorum
1179 737 1364 784 ordines
1388 739 1663 786 conturbare
1687 760 1698 793 ;

214 837 410 882 quorum
436 822 576 868 etiam
602 823 682 884 qui
704 821 986 868 firmioribus
1022 821 1190 868 animis
1214 821 1338 868 obvii
1360 821 1575 869 hostibus
1609 823 1706 869 fue-

212 912 331 961 rant,
357 906 585 953 ludificati
608 907 785 954 incerto
821 906 997 969 praelio,
1022 907 1115 969 ipsi
1150 906 1289 953 modo
1323 906 1506 954 eminus
1530 908 1706 955 saucia-

213 991 423 1047 bantur,⁴
455 1009 604 1055 neque
640 995 803 1040 contra
835 991 1053 1048 feriundi,
1091 998 1173 1039 aut
1206 1008 1398 1039 manum
1434 993 1707 1042 conserendi

214 1078 348 1140 copia
371 1085 484 1124 erat.
512 1086 648 1124 antea
664 1078 764 1142 jam
788 1078 914 1125 docti
937 1078 994 1125 ab
1014 1078 1045 1125 J
1048 1078 1253 1141 ugurtha
1272 1078 1466 1141 equites,
1493 1079 1708 1126 ubicum-

215 1178 304 1225 que
329 1163 650 1210 Romanorum
673 1163 811 1210 turba
846 1163 1028 1226 insequi
1069 1172 1286 1225 coeperat,
1314 1180 1409 1210 non
1444 1164 1704 1220 confertim,

215 1263 364 1310 neque
399 1249 449 1295 in
489 1265 634 1295 unum
677 1264 776 1296 sese
821 1249 1121 1312 recipiebant,
1163 1248 1245 1294 sed
1280 1248 1396 1294 alius
1434 1249 1521 1296 alio
1567 1250 1705 1313 quam

214 1347 432 1378 maxume
457 1331 644 1378 divorsi.
716 1332 791 1379 Ita
814 1348 1008 1379 numero
1026 1332 1219 1394 priores,
1243 1332 1281 1378 si
1306 1332 1363 1378 ab
1389 1334 1708 1396 persequendo

215 1417 366 1464 hostis
391 1417 621 1464 deterrere
644 1418 962 1481 nequiverant,
992 1417 1211 1480 disjectos
1236 1417 1293 1464 ab
1318 1425 1464 1480 tergo,
1492 1426 1574 1465 aut
1596 1419 1709 1466 late-

215 1504 344 1549 ribus
364 1503 787 1550 circumveniebant
805 1522 815 1549 z
843 1503 915 1549 sin
935 1504 1243 1565 opportunior
1260 1502 1385 1565 fugae
1405 1503 1550 1558 collis,
1570 1505 1709 1567 quarn

216 1589 369 1651 campi
392 1588 577 1635 fuerant
597 1588 631 1635 :⁵
658 1587 711 1635 εὖ.
736 1590 838 1635 vero
864 1588 1073 1635 consueti
1097 1587 1411 1634 Numidarum
1443 1589 1550 1651 equi
1575 1589 1710 1637 facile

216 1674 338 1720 inter
382 1674 583 1736 virgulta
619 1673 840 1721 evadere:
878 1682 1064 1721 nostros
1105 1673 1334 1736 asperitas
1379 1681 1426 1720 et
1463 1674 1710 1720 insolentia

216 1761 306 1806 loci
329 1761 575 1807 retinebat.

217 1896 303 1938 part
321 1891 364 1927 of
376 1891 600 1939 Jugurtha's
619 1902 728 1938 army
746 1890 871 1927 which
890 1890 954 1926 the
974 1889 1142 1927 Romans
1161 1891 1243 1926 first
1261 1891 1396 1937 passed
1415 1891 1477 1938 by,
1499 1891 1585 1936 viz„
1607 1892 1712 1927 those

217 1956 302 1991 who
321 1955 387 2002 lay
413 1960 509 1992 next
528 1956 592 1992 the
610 1955 807 1991 mountain
824 1968 833 2000 ς
863 1965 905 1991 as
923 1959 963 1991 at
984 1954 1025 1992 C.
1046 1955 1086 1990 in
1108 1955 1172 1991 the
1191 1955 1309 2002 figure
1329 1956 1370 1991 os
1383 1959 1470 1991 note
1489 1957 1523 2001 2,
1546 1967 1625 2002 cap.
1647 1957 1710 1991 48.

218 2020 325 2055 -M.

271 2084 285 2105 ⁴
310 2086 391 2133 Ipsi
410 2081 891 2134 moab—sauciabantur]
923 2083 972 2120 Et
1001 2095 1203 2130 pronomen
1225 2083 1294 2130 ipsi
1323 2089 1359 2119 ct
1387 2083 1571 2130 particula
1599 2081 1710 2121 modo

219 2158 349 2199 aptum
371 2156 435 2195 est,
471 2151 520 2186 ad
551 2149 760 2185 notandum
780 2149 968 2185 Romanos
1002 2145 1247 2193 solummodo,
1269 2160 1345 2184 non
1375 2149 1500 2185 hostes
1528 2150 1712 2186 sauciatos

219 2228 309 2256 esso,
333 2221 368 2252 et
387 2220 591 2261 utrumque
610 2213 703 2250 alios
722 2210 917 2260 eleganter
934 2211 1230 2249 excludit—M.

273 2278 288 2299 ⁵
315 2280 434 2318 Collis
453 2276 563 2327 quum
585 2278 899 2326 campifuerant,
921 2274 1011 2325 &c.]
1043 2276 1210 2312 Pcrizon.
1238 2287 1285 2311 on
1308 2275 1435 2313 Sanc-t.
1459 2277 1494 2322 4,
1518 2277 1551 2322 8,
1574 2283 1660 2314 note
1676 2279 1710 2323 3,

220 2348 326 2384 reads
335 2346 485 2394 suerat.
544 2343 604 2378 He
624 2353 721 2390 says,
745 2342 886 2379 Contra
905 2342 1009 2377 codd.
1021 2341 1188 2390 fuerant
1199 2340 1341 2384 editur,
1363 2340 1438 2376 and
1448 2341 1553 2377 what
1570 2341 1602 2378 is
1620 2354 1714 2391 very

221 2418 383 2458 strange,
405 2414 444 2445 at
463 2408 527 2444 lib.
550 2408 586 2451 4,
609 2407 643 2451 5,
678 2412 765 2442 note
786 2407 821 2451 3,
842 2407 888 2442 he
907 2410 1038 2454 quotes
1070 2405 1134 2441 the
1155 2410 1325 2441 sentence
1358 2416 1451 2453 very
1478 2405 1710 2456 incorrectly,

220 2477 332 2512 thus:
365 2473 430 2511 Sin
464 2475 607 2518 opport.
628 2471 728 2518 fugae
761 2469 876 2514 collis,
896 2481 1009 2518 quam
1044 2469 1167 2515 campi
1201 2474 1321 2514 erant,
1344 2480 1386 2505 eo
1413 2481 1502 2506 vero
1534 2472 1711 2509 consueti.

221 2541 332 2580 Nam,
355 2538 420 2574 &sa
478 2536 569 2572 This
597 2540 700 2571 must
727 2534 909 2583 certainly
937 2535 981 2571 be
1010 2547 1031 2572 a
1049 2532 1262 2582 μνημονικόν
1282 2534 1505 2586 ἁμαρτημα.
1565 2536 1583 2572 Ι
1602 2537 1714 2573 think

222 2603 455 2650 thatfuerat
474 2601 504 2636 is
522 2598 726 2646 preferable
744 2602 783 2634 to
794 2598 961 2646 fuerant
975 2611 988 2639 ;
1011 2600 1156 2648 though
1175 2600 1266 2636 both
1287 2611 1349 2635 are
1367 2601 1464 2648 good
1480 2600 1602 2636 Latin.
1652 2599 1713 2636 E'a

222 2678 321 2711 vero,
342 2665 420 2708 δια,
449 2666 482 2701 is
514 2664 578 2699 the
607 2667 747 2699 correct
775 2663 940 2710 reading,
965 2663 1049 2700 Scil.
1071 2665 1135 2701 via
1153 2676 1194 2700 or
1221 2670 1336 2711 parte,
1358 2665 1482 2701 which
1507 2664 1640 2701 should
1667 2665 1713 2701 be

223 2730 420 2768 construed
438 2728 529 2764 with
551 2729 718 2772 evadere,
740 2731 806 2763 not
824 2727 919 2763 with
938 2728 1216 2766 consueta—C.
