1889 3191
494 247 775 288 SALLUSTII
802 247 828 284 J
832 246 1123 286 UGURTHIN
1127 247 1220 284 ΠΜ.
1530 249 1607 284 215

117 369 274 416 tinans
293 366 460 431 pergit,
483 365 685 429 quietus,
701 365 772 411 uti
791 380 865 411 res
883 363 1170 427 postulabat,
1192 363 1340 410 aciem
1359 362 1612 410 exhornat:

116 470 266 517 neque
303 451 517 506 remittit,
566 449 682 514 quid
717 450 892 513 ubique
931 449 1086 496 hostis
1123 449 1318 512 ageret,²
1357 447 1614 511 explorare.

117 539 374 601 Postquam
400 537 635 584 Rutilium
675 536 943 583 consedisse
977 535 1092 599 jam,
1137 543 1183 582 et
1218 535 1375 581 animo
1398 532 1619 581 vacuum³

117 623 311 686 accepit,
340 622 572 685 simulque
598 639 654 669 ex
673 623 704 670 J
707 622 929 685 ugurthae
951 622 1116 685 praelio
1141 621 1392 669 clamorem
1416 620 1578 683 augeri
1600 641 1611 675 ;

118 709 307 764 veritus,
336 724 395 755 ne
418 708 617 770 legatus,
646 707 835 771 cognita
857 724 921 764 re,
958 707 1303 755 laborantibus⁴
1326 707 1424 754 suis
1448 705 1619 753 auxilio

116 795 252 850 foret,
272 795 433 850 aciem,
455 811 594 857 quam
614 794 832 842 diffidens
848 795 1012 842 virtuti
1030 795 1237 842 militum
1256 802 1354 842 arte
1375 801 1618 850 statuerat,

119 881 211 944 que
233 881 444 927 hostium
468 881 627 928 itineri
651 882 886 937 obficeret,
913 882 1053 929 latius
1088 882 1315 945 porrigit3
1354 897 1500 944 eoque
1522 897 1622 928 mo-

119 966 178 1014 do
202 967 261 1013 ad
287 967 456 1013 Rutilii
478 974 632 1013 castra
664 967 892 1030 procedit.

186 1053 328 1099 LIII.
368 1053 570 1100 Romani
595 1069 651 1099 ex
673 1053 929 1116 improviso
946 1054 1153 1117 pulveris
1170 1053 1267 1100 vim
1289 1070 1509 1116 magnam
1525 1054 1622 1100 ani-

120 1138 425 1185 madvortunt
445 1159 457 1193 3
495 1154 606 1184 nam
652 1146 957 1201 prospectum
1002 1155 1112 1201 ager
1157 1138 1363 1185 arbustis
1410 1138 1621 1185 consitus

122 1224 418 1287 prohibebat.
493 1224 557 1270 Et
590 1225 744 1287 primo
779 1225 870 1272 rati
904 1225 1105 1272 humum
1141 1225 1318 1272 aridam
1354 1231 1494 1272 vento
1528 1225 1624 1288 agi·

123 1310 241 1365 tari3
279 1309 400 1372 post,
426 1309 509 1356 ubi
534 1310 812 1374 aequabilem
835 1326 1038 1367 manere,
1068 1318 1127 1367 et,
1157 1310 1295 1358 sicuti
1323 1310 1444 1358 acies
1469 1326 1624 1358 move·

124 1396 275 1451 batur,
320 1397 470 1459 magis
503 1397 746 1460 magisque
797 1397 1175 1461 adpropinquare
1223 1398 1400 1455 vident,
1440 1398 1627 1461 cognita

124 1498 186 1537 re,
214 1489 520 1544 properantes
544 1499 674 1529 arma
696 1483 902 1546 capiunt,
930 1500 983 1530 ac
1006 1500 1092 1547 pro
1117 1484 1295 1540 castris,
1319 1484 1456 1531 sicuti
1479 1484 1626 1546 impe-

123 1567 326 1623 rabatur‚
355 1568 636 1614 consistunt.
674 1568 873 1625 Deinde,
898 1569 981 1616 ubi
1003 1568 1200 1633 propius
1222 1576 1432 1626 ventum,
1459 1570 1627 1617 utrim-

125 1669 213 1716 que
236 1669 409 1715 magno
434 1653 635 1701 clamore
670 1662 970 1702 concurrunt.
1045 1655 1270 1702 Numidae
1298 1654 1628 1702 tantummodo

126 1739 359 1794 remorati,
389 1739 503 1786 dum
526 1740 576 1786 in
601 1740 867 1803 elephantis
892 1740 1116 1787 auxilium
1140 1747 1313 1804 putant
1335 1760 1347 1795 ;
1377 1748 1630 1805 postquam

126 1824 378 1888 impeditos
403 1826 545 1872 ramis
587 1826 822 1882 arborum,
849 1833 990 1891 atque
1029 1826 1097 1873 ita
1133 1825 1354 1889 disjectos
1378 1827 1629 1875 circumve-

128 1910 219 1957 niri
241 1910 417 1968 vident,
456 1912 618 1975 fugam
652 1913 863 1960 faciunt:
899 1929 954 1960 ac
986 1912 1211 1976 plerique,
1239 1912 1433 1977 abjectis
1468 1914 1626 1970 armis,

129 1996 273 2051 coIIiS,
302 2003 384 2043 aut
407 1998 573 2054 noctis,
601 2015 708 2062 quae
724 1998 826 2061 jam
849 1998 1022 2054 aderat,
1048 1998 1221 2045 auxilio
1244 1998 1417 2062 integri
1440 1999 1629 2046 abeunt.

131 2081 388 2144 Elephanti
411 2090 611 2146 quatuor
634 2084 775 2146 capti,
802 2084 970 2148 reliqui
1008 2100 1187 2140 omnes,
1215 2100 1411 2131 numero
1436 2084 1632 2147 quadra-

133 2167 278 2229 ginta,
303 2168 555 2215 interfecti.
627 2168 693 2216 At
729 2170 946 2226 Romani,
975 2171 1258 2233 quamquam
1292 2169 1459 2217 itinere
1495 2176 1634 2232 atque

135 2269 273 2316 opere
298 2263 558 2302 castrorum
595 2262 642 2302 et
675 2255 841 2319 praelio
875 2255 989 2303 fessi
1010 2255 1215 2318 lassique
1251 2260 1416 2310 erant;
1455 2261 1631 2311 tamen,

188 2402 203 2424 ⁹
228 2403 335 2446 Quid
350 2406 489 2454 ubique
507 2405 628 2443 hostis
647 2405 812 2457 astrea]
845 2406 946 2451 Quid
965 2410 1102 2455 ageret,
1123 2411 1161 2443 et
1179 2407 1246 2444 ubi
1262 2407 1302 2442 id
1330 2410 1468 2453 ageret,
1488 2406 1638 2454 proprie

137 2470 246 2507 debet
265 2470 406 2517 exponi
421 2484 430 2515 3
460 2468 497 2506 h.
518 2483 549 2506 e.
570 2471 662 2519 quid
678 2472 876 2519 utrobique
895 2476 934 2508 et
952 2472 1089 2519 quibus
1108 2471 1272 2519 quidque
1291 2471 1381 2508 locis
1399 2476 1538 2519 ageret.
1570 2471 1638 2509 See

139 2535 223 2573 Cat.
244 2547 325 2583 cap.
350 2538 412 2582 21,
433 2542 521 2573 note
543 2537 690 2573 1.-M.

195 2600 210 2621 ³
232 2602 372 2639 Animo
393 2602 590 2654 vacuum]
621 2603 762 2641 Animo
781 2615 926 2641 vacuus
954 2604 1101 2649 dicitur,
1123 2604 1189 2652 qui
1221 2608 1278 2641 est
1297 2614 1460 2650 securus,
1480 2609 1518 2641 et
1545 2603 1642 2640 nihil

139 2667 368 2718 magnopere
387 2671 512 2707 animo
530 2671 764 2718 propositum
782 2670 1048 2708 habens.—M.

192 2733 208 2756 ⁴
226 2734 558 2786 Laborantibus]
591 2737 822 2774 Laborantes
850 2737 1038 2783 dicuntur,
1059 2737 1124 2785 qui
1150 2737 1192 2773 in
1209 2747 1351 2784 magno
1368 2735 1534 2785 periculo
1553 2748 1639 2773 ver-

141 2808 281 2850 santur,
304 2803 403 2839 unde
420 2807 539 2840 semet
557 2800 660 2851 aegre
679 2801 1010 2850 expediunt-M.
