1889 3191
207 244 229 279 3
237 245 254 279 1
261 243 281 278 2
590 242 866 281 SALLUSTII
893 243 919 280 J
924 242 1213 281 UGURTHIN
1215 242 1309 280 UM.

205 361 379 407 intrare
403 350 569 406 sinam.
640 359 889 416 Praeterea,
918 360 957 406 si
987 359 1101 423 quid
1134 375 1302 423 meque
1335 358 1557 422 vobisque
1593 357 1692 420 dig-

207 460 322 490 num
344 443 578 506 petiveris,
606 443 735 490 haud
757 444 970 506 repulsus
995 443 1199 490 abibis.''

274 530 407 577 CXI.
446 529 524 576 Ad
547 546 600 575 ea
624 529 752 576 Sulla
774 545 860 592 pro
886 545 934 575 se
958 529 1163 576 breviter
1187 535 1233 575 et
1256 528 1439 576 modice
1461 549 1473 584 ;
1501 528 1558 575 de
1580 543 1694 591 pace

208 621 254 662 et
300 615 357 661 de
402 614 728 661 communibus
773 614 911 660 rebus
957 614 1118 660 multis
1159 613 1394 660 disseruit.
1465 613 1693 676 Denique,

210 700 331 761 Regi
354 699 586 762 patefacit,
619 698 792 762 “quod
825 699 1111 761 polliceatur,
1152 705 1364 745 senatum
1389 705 1435 744 et
1469 698 1695 760 populum

212 787 493 840 Romanum,
539 785 757 847 quoniam
793 785 993 848 amplius
1034 785 1175 831 armis
1212 784 1481 839 valuissent,
1519 800 1615 830 non
1648 784 1697 830 in

209 870 408 932 gratiam
431 869 674 916 habituros
694 889 702 915 :
731 869 1002 916 faciundum
1026 870 1216 933 aliquid,
1244 870 1370 933 quod
1391 870 1576 916 illorum
1602 886 1698 916 ma-

209 958 294 1020 gis,
324 959 461 1019 quam
485 972 582 1011 sua,
610 957 825 1003 retulisse
865 956 1130 1003 videretur:
1168 957 1217 1003 id
1257 956 1369 1003 adeo
1393 956 1443 1002 in
1476 963 1699 1019 promptu

210 1058 326 1097 esse,
354 1042 573 1105 quoniam
596 1042 851 1104 Jugurthae
887 1042 1069 1105 copiam
1104 1042 1329 1097 haberet3
1368 1058 1506 1104 quem
1538 1041 1577 1088 si
1602 1041 1696 1088 Ro-

211 1128 362 1174 manis
386 1127 671 1182 tradidisset,
699 1127 810 1183 fore,
828 1129 898 1174 uti
921 1128 989 1174 illi
1008 1128 1264 1190 plurimum
1285 1127 1560 1183 deberetur3
1587 1127 1701 1173 ami-

212 1214 383 1269 citiam,
424 1213 592 1267 foedus,
619 1213 859 1260 Numidiae
901 1213 1116 1276 partem,¹
1158 1230 1298 1277 quam
1339 1230 1463 1259 nunc
1502 1218 1696 1275 peteret,

212 1301 335 1346 ultro
358 1299 713 1346 adventuram.”
775 1299 876 1346 Rex
901 1300 1051 1361 primo
1074 1300 1281 1362 negitare
1300 1319 1309 1346 :
1341 1306 1373 1325 “
1391 1299 1696 1352 adfinitatem,

214 1385 552 1447 cognationem,
578 1387 804 1446 praeterea
837 1383 991 1430 foedus
1027 1385 1363 1432 intervenisse:
1402 1384 1461 1430 ad
1495 1384 1585 1430 hoc
1608 1400 1702 1430 me-

212 1477 354 1522 tuere,
381 1471 437 1516 ne
461 1469 584 1515 fluxa
619 1469 711 1516 fide
735 1485 862 1524 usus,
890 1470 1186 1532 popularium
1222 1471 1402 1516 animos
1437 1476 1666 1516 avorteret
1689 1491 1700 1523 ;

213 1558 316 1618 quis
353 1563 397 1601 et
423 1556 453 1602 J
459 1555 663 1617 ugurtha
697 1571 844 1609 caruS,
873 1563 918 1601 et
944 1555 1146 1601 Romani
1182 1555 1321 1601 invisi
1355 1554 1538 1601 erant.''
1611 1555 1703 1600 De-

214 1641 367 1702 nique,
397 1640 569 1703 saepius
605 1640 843 1702 fatigatus,
883 1640 1056 1686 lenitur
1080 1648 1126 1686 et
1168 1656 1222 1686 ex
1260 1640 1498 1686 voluntate
1535 1637 1699 1686 Sullae²

214 1725 371 1772 omnia
395 1742 442 1772 se
467 1725 699 1772 facturum
724 1724 975 1787 promittit.
1049 1724 1285 1771 Caeterum
1309 1724 1368 1771 ad
1392 1723 1703 1771 simulandam

212 1829 389 1876 pacem,
417 1813 549 1875 cujus
575 1811 796 1867 Numida,
827 1811 1038 1858 defessus
1063 1812 1199 1867 bello,
1227 1812 1552 1864 avidissumuS‚
1580 1827 1698 1874 quae,

213 1899 347 1945 utilia
381 1897 492 1952 visa,
532 1897 842 1944 constituunt.
915 1897 1002 1951 Ita,
1042 1896 1302 1959 composito
1339 1896 1460 1953 dolo,
1501 1896 1705 1959 digredi-

218 1991 376 2029 untur.

283 2068 444 2115 CXII.
482 2068 547 2114 At
574 2068 672 2114 Rex
696 2074 885 2130 postero
921 2066 995 2113 die
1021 2068 1264 2128 Asparem,
1295 2067 1548 2130 Jugurthae
1582 2067 1705 2130 lega-

271 2243 375 2281 CXI.
407 2241 417 2262 ¹
445 2242 631 2278 Numidia
647 2239 835 2290 partem]
867 2241 957 2277 This
976 2241 1134 2287 promise
1163 2241 1204 2276 of
1219 2240 1323 2278 Sulla
1344 2252 1421 2277 was
1449 2241 1603 2288 exactly
1623 2252 1706 2287 per-

215 2309 375 2351 formed3
406 2309 470 2353 sor,
492 2308 589 2344 after
608 2307 671 2342 the
704 2305 870 2352 delivery
889 2305 931 2340 of
944 2305 968 2341 J
973 2305 1146 2352 ugurtha,
1170 2305 1221 2341 all
1254 2305 1336 2340 that
1357 2309 1441 2351 part
1470 2305 1512 2340 of
1526 2305 1706 2341 Numidia

216 2373 377 2408 betwixt
398 2374 461 2409 the
479 2373 597 2408 rivers
616 2370 798 2406 Mulucha
817 2370 891 2405 and
910 2369 1106 2416 Ampsaga
1124 2380 1201 2405 was
1220 2369 1334 2416 given
1353 2374 1392 2404 to
1412 2369 1704 2406 Bocchus—M.

274 2436 288 2457 ²
306 2437 481 2482 Lenitur,
504 2442 539 2472 et
558 2449 605 2471 ear
625 2435 820 2471 voluntate
843 2432 964 2478 Sullae,
989 2431 1076 2483 &c.]
1101 2432 1270 2478 Leniter,
1292 2434 1356 2469 the
1383 2433 1540 2480 reading
1557 2433 1599 2469 of
1614 2433 1706 2471 Cor-

217 2503 302 2548 tius,
327 2501 556 2547 Gerlachius,
578 2499 792 2544 Muellerus,
813 2499 888 2535 and
907 2499 947 2534 of
960 2498 1024 2534 the
1043 2498 1244 2535 American
1258 2498 1467 2546 professor,
1488 2498 1655 2542 Anthou,
1677 2500 1707 2535 is

219 2569 322 2616 truly
342 2569 479 2606 absurd
495 2582 503 2612 3
525 2579 566 2604 as
584 2567 719 2602 leniter
738 2571 775 2601 et
793 2578 840 2600 ez·
860 2565 1054 2601 voluntate
1077 2564 1190 2599 Sulloe
1210 2569 1311 2601 must
1331 2565 1375 2601 be
1394 2565 1508 2601 taken
1522 2565 1705 2612 together,

220 2633 387 2669 whether
404 2645 480 2680 you
513 2631 606 2668 refer
637 2631 741 2667 them
773 2633 813 2666 to
838 2629 1043 2677 facturum
1077 2640 1119 2665 or
1147 2633 1186 2665 to
1212 2627 1418 2676 promittit.
1477 2628 1496 2664 I
1516 2628 1613 2664 shall
1641 2633 1707 2664 not

218 2700 339 2731 waste
354 2707 468 2742 paper
487 2695 560 2730 and
581 2695 671 2731 time
689 2693 728 2730 in
748 2693 910 2740 proving
928 2693 1031 2729 what
1059 2697 1162 2729 must
1180 2693 1224 2730 be
1243 2693 1394 2729 evident
1413 2697 1452 2730 to
1471 2692 1702 2740 sehoolboys.

223 2759 319 2797 —-C.
