1889 3191
556 309 835 348 SALLL'STII
866 308 1134 348 CATILINA.
1543 314 1592 348 47

100 428 328 475 victorum
373 427 480 474 fert.
574 426 810 474 Praeterea
855 444 956 476 esse
1002 429 1052 475 in
1107 426 1340 489 Hispania
1385 427 1597 474 citeriore

101 513 334 568 Pisonem,
374 513 425 559 in
450 512 738 560 Mauritania
769 531 876 560 cum
901 514 1108 561 exercitu
1139 515 1193 560 P.
1222 513 1414 560 Sittium
1441 513 1597 559 Nuce-

97 598 291 655 rinum‚⁴
328 599 512 646 consilii
551 599 624 645 sui
662 600 948 662 participes:
986 608 1144 663 petere
1201 599 1495 647 consulatum
1539 598 1596 645 C.

98 684 378 741 Antonium,
424 701 563 748 quem
602 685 690 732 sibi
722 686 946 749 collegam
983 686 1084 733 fore
1109 692 1332 749 speraret,
1355 685 1598 732 hominem

98 777 144 816 et
180 769 471 826 familiarem,
513 777 559 817 et
596 771 814 818 omnibus
850 771 1275 818 necessitudinibus
1310 771 1598 818 circumven-

98 859 200 898 tum
221 872 231 898 z
270 869 378 899 cum
398 869 452 899 eo
477 869 524 900 se
542 853 796 900 Consulem
815 854 1004 901 initium
1029 854 1196 917 agendi
1210 854 1462 900 facturum.
1522 854 1601 900 Ad

99 937 191 983 hoc
226 936 488 984 maledictis
527 938 738 1000 increpat
777 939 928 987 omnis
970 939 1151 985 bonos:
1197 955 1388 986 suorum
1429 956 1600 986 unum-

101 1039 332 1086 quemque
355 1024 605 1070 nominans
626 1024 815 1071 laudare
837 1046 848 1080 ;
886 1025 1168 1071 admonebat
1193 1025 1336 1071 alium
1361 1027 1598 1087 egestatiS,

102 1109 246 1155 alium
270 1108 541 1171 cupiditatis
566 1126 680 1165 suae,
703 1110 968 1172 complures
987 1110 1182 1172 periculi
1206 1117 1287 1156 aut
1310 1110 1600 1172 ignominiae,

101 1194 276 1241 multos
299 1195 506 1241 victoriae
532 1195 737 1242 Sullanae
762 1196 933 1259 quibus
958 1212 1011 1242 ea
1033 1195 1210 1258 praedae
1235 1196 1402 1243 fuerat.
1463 1197 1603 1244 Post-

102 1297 244 1343 quam
270 1281 481 1328 omnium
505 1282 686 1328 animos
711 1282 874 1329 alacris
909 1283 1036 1329 videt
1063 1303 1074 1337 ;
1118 1283 1405 1339 cohortatus,
1439 1292 1491 1330 ut
1526 1302 1604 1347 pe-

103 1368 319 1415 titionem
344 1385 475 1415 suam
501 1385 625 1415 curae
649 1369 893 1424 haberent,
921 1377 1203 1416 conventum
1223 1370 1420 1417 dimisit.

172 1455 341 1501 XXII.
381 1455 530 1502 Fuere
567 1458 617 1502 ea
653 1462 948 1519 tempestate,
978 1457 1058 1519 qui
1081 1456 1304 1512 dicerent,
1334 1457 1602 1513 Catilinam,

105 1541 313 1588 oratione
327 1541 501 1593 habita,
547 1541 655 1588 cum
679 1542 737 1588 ad
756 1542 1088 1605 jusjurandum
1125 1517 1362 1606 populaf'gis
1405 1544 1606 1590 sceleris¹

107 1628 180 1674 sui
203 1628 425 1691 adigeret,
466 1628 663 1674 humani
699 1629 906 1692 corporis
948 1629 1224 1691 sanguinem
1259 1630 1366 1676 vino
1403 1631 1607 1692 permix-

108 1713 251 1770 tum‚²
291 1714 340 1761 in
363 1715 538 1777 pateris
562 1715 905 1761 circumtulisse
926 1736 938 1770 3
976 1715 1098 1770 inde,
1134 1713 1242 1761 cum
1269 1723 1376 1777 post
1402 1732 1609 1762 exsecra-

108 1800 306 1848 tionem3
330 1817 492 1847 omnes
517 1801 907 1863 degustavissent,
932 1800 1070 1848 sicuti
1092 1801 1142 1847 in
1167 1801 1440 1848 solennibus
1466 1803 1608 1849 sacris

161 1942 176 1964 ⁴
207 1942 480 1994 Nucerinum]
514 1945 586 1981 His
615 1945 740 1981 father
766 1958 844 1982 was
875 1945 970 1982 born
1002 1945 1042 1981 in
1075 1945 1139 1981 the
1172 1950 1276 1982 town
1308 1945 1349 1982 of
1364 1946 1537 1991 Nuceria,
1572 1946 1611 1981 in

111 2011 225 2060 Italy,
247 2011 324 2047 and
341 2011 458 2048 hence
477 2012 540 2048 the
560 2023 626 2048 son
642 2017 709 2059 got
728 2012 804 2048 this
824 2012 1126 2049 summe—M.

166 2078 300 2115 XXII.
324 2076 334 2099 ¹
357 2078 568 2127 Popularis
587 2079 750 2125 sceleris,
775 2077 861 2128 δια]
893 2080 1098 2125 Rubenius,
1120 2080 1160 2116 in
1187 2081 1246 2117 his
1266 2081 1397 2127 Elect.‚
1431 2081 1495 2117 lib.
1522 2083 1554 2125 l,
1577 2093 1609 2116 c.

114 2145 175 2190 14,
196 2155 295 2193 says,
318 2146 371 2194 by
389 2145 494 2181 these
512 2145 635 2181 words
655 2156 716 2181 are
735 2145 918 2192 signified,
942 2144 1140 2182 Consortes
1159 2148 1197 2181 et
1220 2145 1285 2193 qui
1305 2146 1472 2193 ejusdem
1492 2150 1611 2182 coetus

110 2208 359 2258 factionisque
378 2215 477 2256 sunt,
499 2221 542 2246 ac
561 2209 667 2246 velut
686 2210 798 2246 unius
816 2210 956 2256 populi.
1016 2209 1084 2247 See
1104 2221 1126 2245 a
1144 2209 1266 2246 whole
1294 2210 1449 2257 chapter
1468 2210 1515 2246 he
1542 2211 1612 2246 has

111 2282 160 2308 on
178 2272 244 2309 the
262 2274 376 2309 word.
421 2273 501 2309 sse
520 2273 648 2309 reader
665 2273 697 2309 is
716 2273 911 2320 requested
926 2276 964 2309 to
984 2272 1130 2309 consult
1151 2273 1254 2310 what
1272 2274 1358 2309 that
1377 2278 1484 2320 great
1503 2273 1612 2310 inda-

112 2339 222 2382 gator
240 2342 277 2374 et
296 2343 483 2375 scrutator
512 2338 794 2385 antiquitatum,
817 2338 963 2384 Lipsus,
985 2338 1053 2373 has
1072 2338 1224 2374 written
1250 2348 1300 2373 on
1325 2338 1402 2374 this
1429 2343 1611 2380 sentence,

113 2398 153 2433 in
171 2397 231 2435 his
249 2405 456 2437 comments
474 2412 524 2437 on
542 2400 674 2446 Tacit„
698 2402 745 2436 12
767 2400 906 2436 Annal.
927 2412 963 2447 p.
987 2400 1180 2438 316.—C.

169 2461 184 2483 ¹
222 2461 256 2495 V
252 2463 316 2500 ino
324 2463 598 2514 permixtum]
630 2466 710 2502 The
729 2466 898 2502 ancients
928 2465 1047 2502 called
1077 2466 1153 2502 this
1181 2466 1276 2502 kind
1309 2466 1351 2501 of
1364 2465 1493 2512 potion
1513 2466 1615 2501 affir-

114 2529 387 2566 matum.—M.

169 2591 185 2614 ⁸
205 2592 303 2629 Post
314 2593 647 2644 exsecrationem]
668 2594 707 2630 Ε
709 2595 900 2630 ssecratz‘o
917 2606 995 2631 was
1013 2595 1078 2631 the
1096 2594 1356 2642 pronouncing
1374 2595 1416 2630 of
1430 2606 1453 2631 a
1473 2595 1615 2631 solemn

116 2663 217 2709 cath,
238 2662 404 2699 wherein
420 2661 515 2711 they
533 2663 660 2699 bound
679 2661 914 2707 themselves,
949 2661 1069 2697 under
1099 2661 1227 2709 heavy
1245 2661 1510 2708 imprecations
1541 2662 1616 2698 and

116 2738 252 2774 curses,
272 2730 312 2764 to
330 2737 480 2775 secrecy
499 2727 574 2763 and
603 2727 753 2763 mutual
769 2726 925 2774 fidelity.
983 2725 1066 2762 Liv.
1088 2725 1138 2762 X.
1167 2737 1248 2773 cap.
1278 2727 1452 2763 xxxviii.
1482 2727 1507 2763 J
1509 2738 1617 2763 urare

117 2792 322 2841 cogebatur
340 2792 420 2829 diro
439 2793 603 2840 quodam
621 2792 785 2829 carmine
803 2792 844 2828 in
861 2791 1159 2828 exsecrationem
1178 2792 1310 2839 capitis
1335 2792 1562 2840 familiaeque
1581 2798 1618 2830 et

118 2856 244 2903 stirpis
261 2856 491 2904 compositio,
511 2857 585 2894 nisi
612 2858 701 2897 isset
732 2857 772 2892 in
801 2855 983 2903 praelium,
1019 2867 1093 2904 quo
1121 2857 1364 2904 imperatores
1396 2857 1616 2896 duxissent:
