1889 3191
298 253 316 286 1
328 252 372 287 18
678 249 957 288 SALLUSTII
985 250 1010 287 J
1015 250 1404 290 UGURTHINUM.

292 382 424 412 suam
459 365 654 429 quisque
688 366 872 430 culpam
908 373 1118 418 auctores
1152 368 1213 415 ad
1246 368 1436 431 negotia
1469 370 1774 420 transferunt.

295 450 431 506 Quod
478 451 518 497 si
552 450 824 498 hominibus
862 452 1091 499 bonarum
1127 469 1284 499 rerum
1328 459 1461 500 tanta
1494 470 1604 502 cura
1637 463 1776 512 esset,

292 614 399 660 circa,
421 624 463 649 or
481 613 696 659 secundum,
718 613 764 649 be
780 613 1017 659 understood,
1039 623 1080 648 as
1101 611 1275 650 Sanctius
1288 614 1430 651 thinks.
1488 615 1575 652 Vid.
1597 627 1684 653 eum
1701 617 1726 653 1.
1748 629 1778 653 c.

296 676 372 714 Cic.
397 675 547 712 Tuscul.
581 675 722 719 Quaest..
758 676 792 720 5,
815 687 845 712 c.
881 677 940 721 19,
972 674 1188 713 Similemne
1217 679 1310 721 puta
1343 675 1385 713 C.
1413 676 1519 713 Laelii
1545 679 1782 716 consulatum

294 750 414 774 unum
432 738 557 782 fuisse,
579 741 616 773 et
634 748 720 773 eum
739 737 891 784 quidem
909 749 996 773 cum
1015 735 1186 784 repulsa:
1219 736 1310 787 (etsi
1328 749 1415 774 cum
1434 739 1581 786 sapiens
1607 745 1645 778 et
1662 741 1783 778 bonus

292 801 352 838 vir
371 800 492 847 qualis
510 799 573 835 ille
592 799 672 845 fuit,
695 800 884 847 suffragiis
910 800 1144 846 praeteritur:
1174 811 1250 836 non
1276 801 1437 847 populus
1465 799 1488 837 ὲ
1505 803 1602 839 bono
1622 802 1784 841 Consule

295 863 428 909 potius,
461 858 577 909 quam
606 861 668 898 ille
696 858 719 898 a
736 873 836 899 vano
854 862 992 909 populo
1021 862 1210 909 repulsam
1239 863 1310 900 fert
1323 861 1362 912 ?)
1403 865 1466 901 sed
1501 868 1629 902 tamen
1655 869 1785 902 utrum

295 924 424 961 malles
443 928 480 960 te
499 925 530 960 si
548 928 713 971 potestas
732 929 838 970 esset,
860 925 974 961 semel
992 929 1036 961 ut
1056 925 1213 962 Laelium
1229 925 1431 963 Consulem
1445 938 1522 963 esse
1538 941 1546 972 3
1567 939 1617 963 an
1634 931 1679 964 ut
1694 927 1784 966 Cin-

294 999 384 1023 nam
403 991 535 1035 quater
548 985 567 1023 ?
625 987 800 1034 Budaeus,
822 988 862 1024 in
888 988 947 1025 his
967 988 1177 1026 Comment.
1198 1000 1235 1035 p.
1261 990 1375 1035 1097,
1397 989 1487 1026 calls
1505 990 1582 1027 this
1607 990 1683 1027 last
1701 1001 1784 1027 sen-

295 1056 402 1088 tence
421 1062 470 1087 an
490 1050 765 1098 Hyperbaton;
796 1051 928 1097 Davis,
950 1051 989 1086 in
1017 1051 1077 1087 his
1095 1055 1202 1088 notes
1220 1062 1269 1087 on
1296 1052 1360 1088 the
1379 1052 1531 1089 Tuscul.
1554 1052 1707 1099 Quaest.,
1738 1064 1787 1089 an

297 1113 571 1150 Anacoluthon.
629 1113 782 1150 Tuscul.
804 1113 945 1157 Quaest.
966 1114 990 1149 1.
1014 1115 1049 1160 2,
1071 1126 1101 1150 c.
1126 1116 1159 1159 1,
1177 1115 1329 1151 Etenim
1347 1116 1381 1150 si
1399 1116 1590 1151 orationes
1609 1127 1702 1163 quas
1719 1127 1788 1152 nos

298 1176 534 1213 mulitudinis
552 1176 692 1224 judicio
710 1177 862 1222 probari
879 1176 1097 1213 volebamus
1119 1176 1328 1226 (popularis
1347 1182 1403 1214 est
1421 1178 1521 1214 enim
1534 1178 1600 1215 illa
1617 1178 1785 1224 facultas,

299 1244 336 1276 et
355 1239 506 1275 effectus
525 1239 746 1286 eloquentiae
765 1244 822 1276 est
841 1240 1076 1276 audientium
1095 1238 1335 1290 approbatio)
1358 1242 1422 1278 sed
1454 1241 1485 1278 si
1513 1241 1789 1288 reperiebantur

299 1302 479 1348 nonnulli,
501 1302 565 1349 qui
583 1302 679 1338 nihil
696 1302 894 1339 laudarent
911 1303 982 1339 nisi
995 1304 1094 1350 quod
1114 1315 1152 1340 se
1169 1304 1309 1340 imitari
1327 1315 1434 1351 posse
1451 1305 1687 1350 confiderent,
1705 1305 1789 1352 qui-

301 1376 373 1412 que
392 1365 564 1411 sperandi
583 1365 653 1402 sibi
671 1366 836 1401 eundum
855 1367 947 1402 bene
966 1366 1183 1414 dicendique
1201 1367 1313 1403 finem
1331 1371 1599 1414 proponerent3
1620 1368 1711 1415 quid
1727 1367 1788 1403 fu-

302 1431 431 1463 turum
462 1432 641 1474 putamus
661 1431 761 1474 esim,
783 1429 956 1476 adjutore
975 1429 1123 1475 popuJO,
1146 1441 1219 1476 quo
1237 1430 1437 1466 utebamur
1456 1434 1575 1476 antea,
1596 1442 1698 1467 nunc
1715 1431 1787 1466 mi-

303 1491 405 1529 nime
426 1505 494 1530 nos
511 1494 569 1531 uti
587 1506 695 1541 posse
724 1492 950 1531 videamus?
1006 1494 1052 1530 In
1081 1496 1157 1531 this
1189 1501 1371 1543 sentence,
1406 1497 1528 1545 again,
1550 1498 1654 1534 there
1680 1497 1712 1534 is
1739 1509 1788 1534 an

302 1557 577 1605 Anacoluthon,
599 1559 799 1606 according
828 1564 866 1595 to
887 1559 1017 1606 Davis,
1052 1559 1126 1606 ib.;
1157 1572 1206 1597 an
1236 1561 1495 1609 Hyperbaton,
1527 1562 1725 1610 according
1750 1567 1789 1599 to

303 1620 478 1668 Budaeus,
499 1621 548 1659 ib.
607 1622 644 1658 It
670 1623 702 1658 is
731 1623 864 1659 visiblc
896 1623 981 1659 that
1013 1624 1205 1660 orationes
1237 1625 1306 1661 has
1337 1636 1386 1661 no
1414 1626 1671 1672 dependence3
1703 1627 1788 1671 and,

303 1687 494 1733 therefore,
515 1688 601 1724 that
619 1688 723 1724 there
741 1687 772 1724 is
792 1699 840 1723 an
860 1686 1137 1725 Anacoluthon.
1196 1688 1264 1726 See
1276 1689 1354 1726 also
1367 1690 1517 1726 Tuscul.
1533 1689 1597 1726 lib.
1620 1690 1654 1735 5,
1675 1701 1706 1726 c.
1727 1691 1788 1736 15,

303 1749 368 1786 An
386 1751 545 1796 dubitas,
567 1751 658 1798 quin
675 1754 857 1796 praestans
875 1750 1091 1787 valetudine
1119 1778 1328 1788 ......
1359 1753 1594 1790 dubitabisne
1611 1763 1708 1799 eum,
1725 1753 1788 1789 &c.

306 1813 456 1850 Hirtius
475 1815 518 1850 de
537 1814 632 1850 Bell.
653 1814 770 1850 Afric.
791 1827 821 1850 c.
846 1816 905 1860 19,
937 1815 1022 1852 Hac
1051 1827 1114 1862 spe
1147 1820 1258 1864 atque
1285 1828 1329 1853 ea
1353 1817 1511 1853 audacia
1536 1816 1791 1854 inflammatus

307 1876 504 1923 Labienus,
539 1889 626 1913 cum
657 1878 844 1924 equitibus
865 1877 984 1915 Gallis
1005 1878 1274 1927 Germanisque
1303 1881 1440 1926 m.d.c.‚
1478 1880 1553 1926 &c.,
1586 1881 1647 1917 his
1678 1881 1792 1928 copiis

305 1941 422 1987 pridie
440 1942 537 1977 Non.
557 1943 634 1990 jan.
656 1946 741 1988 post
773 1942 871 1978 diem
897 1943 1062 1989 tertium,
1093 1941 1207 1991 quam
1226 1943 1404 1981 Africam.
1426 1944 1563 1992 attigit,
1584 1943 1625 1980 in
1652 1944 1794 1990 campis

306 2003 544 2050 planissimis,
569 2004 644 2050 &c.,
666 2004 751 2040 vide
770 2003 922 2051 reliqua.
981 2005 1056 2042 Cic.
1078 2006 1229 2043 Tuscul.
1251 2009 1286 2053 4,
1310 2009 1371 2053 35,
1395 2008 1461 2054 Ut,
1483 2008 1514 2044 si
1528 2009 1610 2055 jam
1628 2007 1710 2054 ipsa
1726 2007 1793 2043 illa

307 2077 480 2102 accusare
499 2066 604 2112 nolis,
626 2070 756 2112 stupra
775 2065 867 2111 di00,
889 2070 925 2102 et
944 2068 1181 2114 corruptelas,
1202 2073 1239 2104 et
1258 2069 1450 2115 adulteria,
1463 2069 1604 2106 incesta
1623 2069 1790 2116 denique,

307 2128 399 2173 &c.;
431 2133 467 2165 et
485 2130 534 2166 ib.
555 2129 580 2165 l.
603 2130 637 2174 3,
659 2140 689 2164 c.
712 2129 746 2174 8,
781 2127 836 2163 At
867 2127 961 2165 illud
993 2134 1049 2166 est
1078 2130 1202 2168 latius.
1260 2131 1393 2169 Omnis
1422 2132 1521 2168 enim
1553 2131 1790 2176 abstinentia,

308 2193 430 2228 omnis
448 2193 669 2237 innocentia,
691 2203 774 2238 quae
793 2193 893 2237 apud
910 2192 1059 2230 Graecos
1077 2194 1259 2231 usitatum
1270 2207 1406 2232 nomen
1424 2195 1572 2232 nullum
1589 2196 1713 2241 habet,
1730 2195 1794 2232 sed

310 2255 472 2291 habuere
492 2260 614 2302 potest
635 2258 855 2299 αβλαβειαν.
901 2254 984 2303 (Sic
1002 2256 1103 2292 enim
1121 2257 1212 2305 legit
1232 2256 1446 2307 Davisius.)
1504 2258 1573 2295 See
1591 2257 1669 2294 also
1688 2257 1792 2293 Hut-

307 2318 474 2364 chinson,
497 2329 544 2354 on
564 2318 806 2366 Xenophon⁷s
826 2323 964 2370 Κυςοπ.
984 2318 1049 2355 lib.
1072 2321 1107 2365 2,
1127 2320 1232 2365 init.;
1255 2320 1488 2366 Eustathius,
1517 2320 1592 2356 and
1608 2320 1674 2356 the
1691 2330 1793 2356 more

309 2382 462 2417 modern
490 2381 613 2417 critics
640 2393 689 2418 on
709 2382 861 2429 Homer,
884 2383 929 2418 IL
952 2383 987 2428 2,
1008 2394 1046 2419 v.
1068 2383 1164 2427 3533
1196 2382 1447 2429 Hutchinson,
1478 2393 1527 2419 on
1554 2382 1795 2430 Xenophon's

308 2444 474 2481 Anabas.
494 2444 518 2480 l.
544 2446 576 2491 1,
597 2457 633 2492 p.
657 2447 718 2482 86.
776 2446 796 2482 Ι
814 2447 912 2482 have
932 2446 1100 2482 adduced
1114 2445 1250 2482 almost
1268 2446 1319 2481 all
1337 2447 1402 2482 the
1420 2445 1614 2493 examples
1633 2446 1675 2482 of
1686 2445 1793 2482 Ana-

308 2510 486 2546 coluthon
505 2510 588 2547 that
609 2511 628 2547 I
646 2511 743 2547 have
762 2516 839 2548 met
858 2512 951 2548 with
970 2512 1009 2547 in
1027 2511 1112 2547 that
1129 2511 1345 2548 invaluable
1363 2511 1469 2547 work
1495 2512 1537 2548 of
1551 2511 1734 2556 Sanctius,
1754 2511 1794 2546 in

308 2574 372 2609 the
391 2585 493 2610 more
511 2575 727 2612 invaluable
748 2574 802 2624 (if
816 2576 835 2612 I
855 2575 964 2612 could
978 2586 1042 2611 use
1061 2575 1125 2611 the
1139 2572 1378 2624 expression)
1395 2578 1501 2611 notes
1509 2575 1551 2611 of
1565 2574 1791 2619 Perizonius,

310 2643 446 2684 except
465 2640 556 2676 such
576 2651 617 2676 as
635 2641 683 2676 he
701 2641 882 2677 confesses
901 2651 991 2687 may
1009 2640 1056 2676 be
1075 2639 1279 2676 accounted
1296 2639 1353 2675 for
1369 2639 1423 2686 by
1440 2638 1644 2686 supplying
1662 2649 1793 2674 secun-

311 2703 401 2738 dum
421 2714 462 2739 or
481 2706 603 2751 quoad
619 2719 627 2751 3
658 2706 732 2742 and
750 2707 789 2742 in
809 2706 872 2742 the
890 2709 996 2742 notes
1025 2705 1066 2741 os
1080 2705 1200 2741 Davis
1231 2715 1280 2740 on
1300 2704 1375 2742 Cic.
1397 2704 1547 2741 Tuscul.
1571 2703 1723 2750 Quaest„
1753 2714 1794 2739 as

310 2766 413 2802 these
445 2777 508 2803 are
536 2771 603 2804 not
629 2768 883 2815 schoolbooks,
916 2769 1000 2815 and,
1033 2768 1224 2814 therefore,
1259 2779 1352 2816 very
1370 2767 1512 2805 seldom
1538 2765 1606 2802 fau
1623 2766 1703 2802 into
1730 2765 1794 2802 the
