1889 3191
526 251 806 290 SALLUSTII
832 251 1252 290 JUGURTHINUM.
1563 254 1583 289 2
1590 254 1637 289 89

142 371 238 413 tere
257 365 294 421 ;2
317 374 469 430 atque,
496 368 566 413 uti
591 368 745 430 Reges
760 375 1096 430 praeceperant,
1122 375 1310 416 noctem
1329 385 1417 431 pro
1442 385 1490 415 se
1511 369 1639 424 rati,³

142 450 294 497 acrius
315 451 511 498 instare.
581 452 705 498 Tum
730 451 914 498 Marius
950 468 1007 499 ex
1041 453 1174 514 copia
1197 469 1355 500 rerum
1390 453 1639 499 consilium

141 536 302 591 trahit,
341 543 495 599 atque,
531 538 602 583 uti
641 537 739 584 suis
774 538 983 601 receptui
1018 538 1149 586 locus
1185 546 1323 594 esset,
1356 539 1487 586 collis
1524 537 1640 584 duos

139 620 428 683 propinquos
450 622 575 669 inter
610 638 658 669 se
682 630 892 686 occupat.
917 639 1115 686 quorum
1139 624 1189 670 in
1223 641 1332 679 uno,
1371 623 1536 671 castris
1560 639 1640 685 pa-

139 709 245 752 rum
268 707 441 770 amplo,
466 706 572 754 fons
607 724 742 771 aquae
775 725 976 771 magnus
1010 716 1139 756 erat:
1178 709 1295 756 alter
1328 709 1437 755 usui
1472 723 1642 771 oppor-

139 799 299 849 tunus,
329 795 438 857 quia
458 798 629 858 magna
650 802 785 859 parte
809 795 963 843 editus
988 802 1034 843 et
1057 812 1284 860 praeceps,
1312 812 1463 859 pauca
1486 794 1640 841 muni-

140 886 299 925 menta
332 881 611 942 quaerebat.4
677 881 916 928 Caeterum
951 882 1077 946 apud
1113 899 1282 945 aquam
1319 882 1496 929 Sullam
1532 898 1640 928 cum

140 964 375 1027 equitibus
393 974 580 1013 noctem
595 967 770 1030 agitare
787 968 939 1031 jubet.
1013 969 1123 1031 Ipse
1142 968 1388 1031 paullatim
1405 967 1640 1030 dispersos

139 1051 326 1107 milites,
354 1068 504 1116 neque
527 1054 685 1100 minus
708 1054 926 1101 hostibus
951 1054 1256 1109 conturbatis,
1285 1054 1335 1100 in
1357 1069 1506 1099 unum
1533 1069 1642 1099 con-

140 1137 286 1184 trahit
308 1156 318 1183 :
347 1138 455 1185 dein
479 1146 672 1186 cunctos
695 1139 836 1199 pleno
854 1139 1004 1201 gradu
1016 1139 1068 1184 in
1087 1139 1253 1185 collem
1273 1138 1510 1184 subducit.
1567 1137 1643 1183 Ita

140 1239 287 1286 regeS,
315 1224 406 1270 loci
441 1224 716 1271 difficultate
751 1225 914 1279 coacti,
943 1224 1108 1287 praelio
1144 1224 1454 1271 deterrentur.
1492 1239 1641 1285 neque

141 1315 299 1355 tamen
323 1324 432 1355 suos
466 1308 653 1371 longius
678 1309 805 1356 abire
830 1309 1005 1364 sinunt,
1035 1308 1130 1364 sed,
1158 1315 1358 1371 utroque
1383 1307 1500 1354 colle
1523 1307 1643 1353 mul-

140 1392 341 1439 titudine
366 1393 671 1449 circumdato,
699 1393 836 1440 effusi
870 1393 1138 1440 consedere.
1209 1393 1332 1439 Dein
1367 1392 1540 1438 crebris
1575 1392 1643 1454 ig-

140 1478 279 1524 nibus
302 1478 454 1534 factis,
481 1479 756 1542 plerumque
791 1480 942 1526 noctis
966 1478 1152 1525 barbari
1187 1495 1272 1525 suo
1307 1493 1436 1524 more
1470 1478 1638 1532 laetari,

142 1564 389 1620 exsultare,
416 1571 622 1627 strepere
645 1565 839 1611 vocibus
861 1584 870 1610 :
897 1565 991 1627 ipsi
1027 1564 1168 1611 duces
1194 1563 1383 1618 feroces,
1414 1563 1523 1625 quia
1547 1579 1644 1609 non

141 1649 372 1712 fugerent,
401 1667 487 1713 pro
510 1651 765 1697 victoribus
790 1666 942 1713 agere.
1016 1650 1108 1696 Sed
1143 1666 1197 1696 ea
1221 1657 1389 1696 cuncta
1414 1649 1642 1695 Romanis

141 1748 198 1778 ex
221 1732 426 1779 tenebris
450 1738 496 1779 et
514 1732 790 1779 editioribus
813 1732 928 1779 locis
952 1731 1108 1778 facilia
1120 1732 1225 1778 visu
1249 1747 1510 1795 magnoque
1535 1731 1641 1778 hor-

141 1823 352 1864 tamento
380 1825 530 1865 erant.

207 1903 390 1950 XCIX.
419 1903 681 1950 Plurimum
705 1903 813 1950 vero
837 1903 1021 1949 Marius
1044 1902 1280 1965 imperitia
1299 1902 1510 1949 hostium
1535 1917 1643 1949 con-

139 1989 367 2044 firmatus,
410 1992 550 2052 quam
586 2005 860 2035 maxumum
896 1989 1135 2036 silentium
1169 1989 1332 2035 haberi
1366 1988 1537 2050 jubet3
1580 1989 1642 2035 ne

141 2074 275 2136 signa
310 2074 514 2137 quidem,
541 2075 611 2121 uti
635 2091 719 2137 per
741 2074 924 2137 vigilias
960 2073 1190 2129 solebant,
1217 2090 1382 2120 canere
1404 2092 1413 2119 :
1455 2073 1638 2128 deinde,

140 2159 221 2205 ubi
244 2159 325 2205 lux
348 2159 644 2215 adventabat,
674 2159 871 2226 defessis
888 2159 989 2222 jam
1025 2159 1242 2205 hostibus
1279 2165 1325 2204 et
1350 2157 1508 2220 paullo
1531 2161 1642 2204 ante

195 2331 208 2352 ¹
234 2331 329 2368 Cum
348 2338 476 2369 tamen
496 2329 936 2380 barbari—remittere]
959 2331 1048 2367 Vid.
1072 2331 1241 2367 Perizon.
1264 2331 1312 2366 ad
1334 2330 1475 2374 Sanct.‚
1492 2342 1528 2376 p.
1552 2331 1644 2367 658.

141 2400 220 2436 The
238 2399 424 2435 infinitive
442 2410 538 2446 very
555 2398 771 2446 frequently
785 2407 908 2433 comes
928 2396 1027 2432 after
1045 2394 1144 2440 cum,
1168 2406 1208 2431 or
1227 2406 1356 2442 quum.
1416 2394 1484 2431 See
1502 2395 1568 2430 the
1585 2395 1645 2430 in-

138 2470 337 2512 terpreters
364 2465 406 2501 of
421 2464 517 2510 Liv.‚
539 2466 575 2510 4,
598 2466 659 2510 51,
680 2465 767 2500 who
776 2464 878 2500 have
892 2463 1032 2510 quoted
1061 2461 1204 2499 Sallust
1232 2462 1329 2497 here.
1353 2460 1436 2496 Liv.
1468 2460 1536 2497 lib.
1556 2463 1590 2507 6,
1612 2473 1644 2497 c.

141 2534 191 2569 27
209 2546 217 2576 3
238 2543 298 2569 see
318 2531 467 2569 Cottius
486 2531 561 2566 and
581 2530 754 2566 Kritzius
776 2541 824 2566 on
844 2529 998 2574 Sallust,
1019 2529 1117 2573 here,
1136 2528 1273 2576 giving
1291 2526 1353 2573 all„
1372 2538 1413 2562 or
1433 2527 1571 2564 almost
1582 2527 1644 2573 all,

139 2598 203 2634 the
222 2595 418 2643 examples
436 2600 475 2632 to
494 2596 540 2631 be
558 2595 676 2631 found
692 2595 733 2630 in
751 2595 817 2630 the
832 2593 946 2630 Latin
964 2592 1268 2641 language.—C.

194 2659 209 2682 ²
232 2659 393 2697 Noctem
406 2672 483 2707 pro
502 2672 541 2695 se
560 2657 675 2708 rati]
699 2659 773 2695 Pro
792 2670 830 2694 se
849 2662 905 2695 est
920 2658 1158 2695 commodam
1173 2657 1254 2702 sibi,
1269 2656 1645 2704 opportunam-M.

190 2727 206 2750 ⁴
227 2726 472 2762 Munimenta
502 2721 730 2772 quaerebat]
762 2722 958 2770 Scioppius
977 2733 1026 2760 on
1055 2721 1184 2759 Sanct.
1205 2721 1380 2767 Μῶα-πη,
1404 2726 1445 2757 at
1473 2722 1539 2758 the
1557 2723 1648 2759 verb

140 2805 237 2841 eyeo,
258 2790 366 2827 reads
386 2789 519 2836 egebat
537 2790 635 2834 here,
658 2793 724 2825 not
743 2775 946 2835 quaerebat.
1006 2786 1026 2823 Ι
1044 2786 1166 2834 prefer
1183 2787 1249 2823 the
1266 2784 1494 2823 latter.--C.

1368 2854 1452 2898 2c
