1889 3191
501 191 778 232 SALLUSTII
805 191 830 229 J
833 190 1218 229 UGURTHINUM.
1528 192 1546 226 1
1553 191 1575 226 8
1583 192 1600 226 l

122 315 198 372 tis,
226 312 374 378 qualis
407 311 487 358 illa
519 327 626 375 pax,
665 316 747 357 aut
783 308 972 364 deditio,
1016 325 1073 356 ex
1113 308 1204 372 qua
1238 307 1297 354 ad
1320 307 1606 370 Jugurtham

122 400 346 449 scelerum
367 397 638 461 impunitas,
661 397 721 445 ad
742 413 916 461 paucos
940 396 1147 460 potentis
1162 411 1397 442 maxumae
1414 394 1603 449 divitiae,

120 488 171 534 in
193 486 530 550 rempublicam
555 485 738 542 damna,
762 484 985 532 dedecora
998 482 1309 547 pervenerint.
1362 481 1472 528 Nisi
1494 481 1611 528 forte

121 572 332 620 nondum
356 572 496 620 etiam
518 589 601 619 vos
626 570 958 619 dominationis
983 586 1143 617 eorum
1180 569 1371 617 satietas
1395 573 1537 623 tenet,
1567 574 1612 614 et

123 660 214 716 illa,
242 659 380 723 quam
402 659 507 707 haec
529 666 754 722 tempora,
781 657 932 721 magIS
953 656 1153 720 placent,
1181 659 1288 703 cum
1322 671 1478 718 regna,
1506 670 1612 717 pro-

123 746 302 803 vinciae,
327 746 469 810 leges,
491 746 612 810 jura,
635 745 826 809 judicia,
851 743 986 800 bella,
1014 760 1166 807 paces,
1198 744 1436 807 postremo
1462 741 1616 788 divina

126 840 173 881 et
194 833 402 880 humana
424 833 581 880 omnia
615 848 759 896 penes
793 847 966 895 paucos
989 837 1120 877 erant
1146 850 1157 884 ;
1199 846 1282 877 vos
1319 834 1490 884 autem,
1527 827 1617 874 hoc

126 926 210 976 est,
237 919 440 984 populus
464 919 720 974 Romanus,
757 917 919 964 invicti
954 917 1011 964 ab
1045 915 1277 972 hostibus,
1314 915 1618 978 imperatores

127 1005 337 1053 omnium
359 1004 582 1069 gentium,
611 1005 722 1051 satis
746 1003 989 1050 habebatis
1023 1002 1226 1049 animam
1261 1002 1473 1048 retinere.
1511 1017 1621 1047 nam

128 1091 398 1139 servitutem
421 1090 608 1155 quidem
632 1089 735 1154 quis
758 1091 966 1137 vestrum
989 1104 1201 1135 recusare
1225 1085 1461 1134 audebat?
1534 1087 1620 1133 At-

130 1195 220 1243 que
243 1195 329 1242 ego
358 1185 518 1226 tamen
558 1178 646 1225 etsi
679 1176 778 1224 viro
813 1175 1248 1240 flagitiosissumum
1284 1173 1514 1221 existumo
1537 1173 1623 1219 im-

132 1268 261 1330 pun'e
283 1264 502 1329 injuriam
526 1263 790 1327 accepisse3
827 1269 986 1310 tamen
1020 1278 1102 1308 vos
1137 1261 1410 1308 hominibus
1435 1259 1626 1308 scelera·

132 1352 345 1400 tissumis
370 1351 624 1415 ignoscere,
652 1350 874 1413 quoniam
897 1349 1019 1396 cives
1056 1355 1181 1404 sunt,
1209 1364 1344 1411 aequo
1368 1347 1524 1395 animo
1546 1364 1626 1411 pa-

133 1447 270 1495 terer,
299 1438 392 1486 nisi
413 1437 731 1485 misericordia
752 1437 803 1483 in
824 1436 1078 1500 perniciem
1102 1452 1266 1482 casura
1292 1442 1430 1482 esset.
1501 1435 1627 1481 Nam

136 1532 183 1572 et
206 1524 313 1581 illis,
341 1531 570 1588 quantum
593 1523 963 1588 importunitatis
986 1520 1202 1579 habent,⁵
1236 1520 1404 1586 parum
1428 1528 1512 1577 est,
1540 1521 1626 1568 im·
1671 1567 1674 1568 a

136 1679 261 1727 ticiple
281 1678 322 1715 of
337 1679 402 1716 the
420 1678 542 1716 active
568 1679 660 1715 verb
674 1679 803 1727 joined
821 1682 860 1715 to
878 1678 942 1715 the
970 1677 1205 1715 substantive
1231 1676 1334 1713 verb.
1392 1676 1446 1713 To
1466 1676 1530 1713 the
1558 1687 1630 1712 ex-

137 1744 281 1793 amples
299 1744 486 1792 produced
503 1745 556 1793 by
577 1744 761 1790 Sanctius,
791 1744 875 1790 add,
900 1744 921 1763 ‘⁶
936 1743 1030 1780 Nox
1048 1748 1132 1779 erat
1150 1742 1337 1789 incipiens
1370 1741 1554 1793 (namque
1574 1746 1629 1779 est

138 1811 351 1849 meminisse
369 1808 786 1860 voluptas”)—-Leand.
808 1810 898 1846 Her.
919 1821 957 1846 v.
980 1810 1042 1846 55.

193 1878 239 1914 Id
257 1889 326 1926 ego
344 1877 413 1914 tibi
431 1877 616 1924 renuncio,
637 1881 680 1912 ut
698 1877 751 1913 sis
769 1876 1043 1912 sciens.—Ter.
1064 1874 1183 1912 Andr.
1207 1876 1241 1921 3,
1264 1876 1300 1921 2,
1324 1876 1386 1912 28.

198 1943 337 1981 Omnia
355 1948 444 1978 sunt
460 1943 658 1980 hominum
676 1943 780 1979 tenui
798 1942 999 1989 pendentia
1015 1940 1259 1979 fflo.—Ovid.

198 2007 294 2045 Sunt
312 2008 633 2057 Agamemnonias
651 2007 835 2044 testantia
861 2007 972 2045 litora
1000 2006 1347 2053 curas.--Prope1·t.
1378 2005 1442 2043 lib.
1467 2006 1502 2052 3,
1525 2005 1633 2053 Eleg

142 2075 176 2121 5,
196 2086 234 2111 v.
257 2075 319 2111 51.

193 2141 274 2178 The
293 2141 443 2178 learned
462 2141 632 2178 Kritzius
650 2142 722 2179 has
738 2152 788 2178 no
806 2146 894 2178 note
912 2140 1112 2178 here—C.

195 2206 210 2228 ⁶
239 2206 435 2250 Quantum
453 2208 756 2257 importunitatis
775 2206 951 2258 habena]
982 2207 1140 2253 Mireris,
1172 2206 1370 2243 obscuram
1396 2204 1512 2242 fuisse
1539 2205 1636 2242 hanc

143 2274 344 2312 formulam
361 2274 634 2322 interpretibus,
655 2285 742 2311 cum
756 2275 840 2323 jam
870 2270 999 2311 nostra
1027 2277 1137 2311 aetate
1164 2272 1444 2320 frequentetur;
1475 2282 1550 2318 qua
1582 2275 1639 2307 est

144 2341 336 2387 modestia,
357 2352 441 2389 quae
458 2352 544 2378 mea
560 2340 764 2378 liberalitas
783 2343 820 2377 et
838 2350 921 2387 quae
940 2343 1029 2376 sunt
1047 2337 1193 2375 similia.
1252 2337 1408 2373 Dictum
1426 2336 1554 2383 itaque
1571 2348 1638 2384 pro

146 2418 199 2452 eo,
220 2406 321 2454 quod
339 2410 457 2442 esset:
486 2417 554 2453 pro
572 2417 625 2452 ea,
647 2418 722 2453 qua
740 2410 838 2452 sunt,
859 2405 1153 2453 importunitate,
1170 2408 1213 2440 ut
1233 2403 1379 2440 Plinius
1399 2402 1430 2440 Ι.
1447 2403 1552 2450 epist.
1577 2405 1637 2448 15,

146 2472 326 2510 Audisses
345 2472 562 2518 comaedum,
583 2472 644 2509 vel
661 2471 848 2517 lectorem,
865 2471 929 2508 vel
946 2471 1115 2519 lyristen,
1136 2469 1198 2506 vel
1217 2481 1300 2517 quae
1318 2479 1403 2505 mea
1422 2467 1634 2513 liberalitas,

146 2550 287 2576 omnes.
345 2537 678 2585 Importunitatem
708 2542 847 2574 vocant
873 2536 1146 2584 impotentiam,
1180 2540 1217 2572 et
1248 2534 1488 2572 libidinosam
1520 2535 1638 2571 auda—

149 2603 370 2643 eiam.—M.

207 2671 312 2709 Nam
332 2677 370 2708 et
386 2670 466 2708 illis
484 2675 669 2719 quantum
688 2668 1001 2718 importunitatis,
1025 2666 1113 2719 ὅσα]
1136 2668 1307 2707 Perizon.
1330 2681 1379 2706 on
1399 2668 1524 2706 Sanct.
1547 2669 1582 2714 2,
1601 2669 1637 2709 9,

1405 2750 1441 2781 R
