1889 3191
311 247 360 281 54
755 246 1026 285 SALLUSTII
1053 246 1314 284 CATILINA.

309 368 529 410 convocat
551 379 633 426 per
657 363 727 411 M.
755 364 969 411 Porcium
993 365 1192 420 Laecam,
1229 364 1383 427 ibique
1418 363 1565 411 multa
1597 362 1653 410 de
1691 362 1760 426 ig-

307 448 442 495 navia
475 466 633 496 eorum
667 457 856 512 questus
890 449 1034 505 docet,
1067 455 1097 475 “
1115 466 1163 496 se
1198 450 1428 496 Manlium
1462 448 1762 513 praemisisse⁶

307 534 365 582 ad
380 551 480 582 eam
494 534 853 590 multitudinem,
873 551 1010 597 quam
1028 533 1087 580 ad
1103 534 1332 596 capiunda
1347 551 1476 581 arma
1492 541 1732 598 paraverat
1749 555 1760 589 ;

306 620 417 668 item
440 621 553 667 alios
577 620 624 666 in
647 620 737 666 alia
759 620 858 666 loca
880 627 1154 682 opportuna,
1180 620 1258 682 qui
1290 619 1476 666 initium
1512 620 1622 667 belli
1643 621 1764 667 face-

305 714 423 761 rent,
453 722 590 768 seque
613 705 672 751 ad
695 704 945 751 exercitum
968 705 1196 767 proficisci
1220 721 1398 768 cupere,
1429 706 1468 752 si
1489 704 1620 769 prius
1635 705 1763 752 Cice-

304 807 462 837 ronem
507 790 842 853 oppressisset3
880 806 985 837 eum
1031 790 1126 837 suis
1162 791 1364 838 consiliis
1408 791 1607 838 multum
1651 791 1764 838 obfi-

305 876 455 923 cere.'’

368 961 609 1008 XXVIII.
647 962 798 1024 Igitur
831 962 1084 1024 perterritis
1118 979 1170 1010 ac
1214 962 1533 1009 dubitantibus
1568 961 1762 1017 caeteris,

305 1048 359 1094 C.
387 1046 644 1102 Cornelius,
683 1063 823 1110 eques
848 1047 1099 1103 Romanus,
1127 1064 1313 1111 operam
1348 1063 1479 1094 suam
1512 1046 1762 1110 pollicitus,

305 1140 349 1180 et
373 1149 478 1180 cum
503 1149 556 1180 eo
581 1133 638 1179 L.
664 1133 977 1196 Vargunteius
1002 1133 1209 1189 Senator,
1236 1133 1513 1180 constituere
1547 1135 1599 1180 ea
1631 1139 1766 1179 nocte

303 1221 454 1283 paullo
479 1221 598 1284 postl
623 1237 725 1268 cum
751 1221 940 1268 armatis
963 1222 1244 1277 hominibus,
1264 1222 1400 1268 sicuti
1422 1222 1674 1268 salutatum
1696 1221 1765 1268 in-

303 1308 441 1354 troire
464 1307 521 1354 ad
547 1307 832 1362 Ciceronem,
858 1324 910 1354 ac
936 1307 992 1354 de
1016 1308 1264 1371 improviso
1298 1307 1423 1354 domi
1447 1324 1545 1354 suae
1566 1307 1764 1370 impara-

302 1401 403 1440 tum
427 1394 683 1441 confodere.
756 1394 923 1441 Curius
948 1394 1027 1440 ubi
1060 1394 1289 1456 intelligit,
1317 1401 1540 1457 quantum
1576 1393 1766 1456 periculi

301 1545 641 1593 munitionibusque
668 1546 778 1591 coepti
805 1546 922 1592 premi
950 1547 1083 1582 hostes.
1143 1545 1251 1583 Catil.
1273 1557 1302 1581 c.
1325 1546 1386 1591 32,
1408 1545 1467 1582 Ibi
1493 1545 1613 1582 multa
1641 1555 1765 1581 secum

301 1609 380 1656 ipse
416 1608 581 1654 volvens,
623 1605 725 1656 quod
761 1620 879 1656 neque
914 1609 1056 1644 insidiae
1092 1609 1233 1645 consuli
1268 1609 1524 1655 procedebant,
1566 1608 1628 1644 διο.
1684 1607 1765 1643 Ter.

300 1672 472 1719 Adelph.,
494 1672 568 1709 Act
587 1674 621 1718 5,
643 1684 691 1709 sc.
714 1673 748 1718 9,
769 1685 806 1709 v.
830 1674 888 1719 22,
912 1673 1013 1721 Syre,
1033 1672 1240 1720 processisti
1259 1672 1366 1709 hodie
1384 1669 1549 1719 pulchre.
1606 1671 1661 1708 Ib.
1680 1670 1765 1708 Act.

300 1738 333 1781 5,
355 1748 403 1772 sc.
427 1738 459 1781 6,
481 1749 518 1772 v.
541 1738 574 1782 9,
597 1736 646 1773 Et
676 1738 767 1773 bene
799 1737 970 1783 procedit.
1029 1737 1083 1772 Id.
1105 1736 1286 1773 Andrian.
1315 1738 1350 1782 4,
1376 1738 1408 1782 1,
1430 1738 1490 1782 47,
1523 1735 1620 1780 Quia
1646 1735 1764 1782 primo

299 1800 475 1846 processit
494 1811 636 1846 parum.
695 1799 804 1837 Catil.
825 1812 855 1836 c.
881 1802 912 1846 1,
934 1800 1030 1836 Vine
1049 1800 1219 1847 corporis,
1241 1811 1289 1836 an
1307 1800 1445 1836 virtute
1472 1799 1597 1845 animi,
1618 1810 1676 1835 res
1693 1799 1764 1834 mi-

299 1862 417 1899 litaris
439 1864 560 1910 magis
581 1864 800 1910 procederet.
860 1864 940 1900 Liv.
963 1866 997 1909 2,
1019 1875 1049 1900 c.
1071 1864 1131 1909 44,
1153 1864 1194 1908 is,
1216 1863 1384 1899 Eandem
1411 1862 1523 1908 viam,
1544 1862 1650 1899 velut
1670 1873 1766 1908 pro-

302 1928 469 1963 cessisset
489 1927 551 1974 Sp.
576 1928 723 1973 Licinio,
749 1928 810 1964 &c
869 1928 961 1964 Hor.
982 1928 1044 1965 lib.
1070 1930 1101 1973 1,
1125 1927 1200 1965 Sat.
1226 1929 1259 1973 2,
1289 1940 1325 1963 v.
1347 1929 1407 1972 37,
1429 1927 1569 1963 Audire
1596 1931 1652 1963 est
1678 1937 1764 1973 ope-

301 2005 350 2030 rae
369 1994 538 2040 pretium,
561 1995 753 2040 procedere
772 2000 877 2040 recte,
902 1994 974 2039 Qui
993 1995 1142 2031 maechis
1161 2005 1234 2030 non
1254 1993 1378 2039 vultis,
1402 1993 1463 2029 &c.
1503 1992 1571 2030 See
1582 1992 1660 2030 also
1674 1992 1766 2040 Jug.

300 2071 328 2095 c.
355 2060 414 2104 65,
433 2059 613 2097 end—C.

351 2119 366 2140 ⁶
389 2123 433 2158 Se
473 2122 662 2159 Manlium
692 2124 930 2170 praemisisse,
972 2121 1061 2172 &c.]
1093 2123 1271 2170 Muretus,
1309 2124 1348 2160 in
1384 2124 1443 2161 his
1477 2127 1682 2161 comments
1718 2133 1765 2159 on

301 2187 455 2224 Cicero's
474 2188 553 2224 first
573 2189 717 2225 oration
737 2190 883 2237 against
899 2189 1067 2235 Catiline,
1084 2200 1119 2235 p.
1138 2190 1198 2235 34,
1216 2189 1330 2235 reads,
1350 2188 1397 2227 Se
1410 2190 1457 2225 ad
1472 2189 1656 2224 Manlium
1670 2199 1764 2235 prae-

299 2254 442 2290 misisse
461 2265 542 2289 eam
561 2255 851 2300 multitudinem,
876 2255 938 2290 Sec.
998 2255 1059 2291 He
1086 2254 1188 2303 truJy
1207 2256 1388 2300 observes,
1409 2254 1495 2290 Non
1514 2253 1698 2290 Manlium
1717 2254 1762 2290 ad

300 2318 587 2362 multitudinem,
610 2320 672 2355 sed
701 2324 838 2365 contra,
860 2318 1136 2355 multitudinem
1165 2319 1212 2355 ad
1239 2319 1425 2354 Manlium
1451 2319 1688 2365 praemiserat.
1746 2317 1764 2353 I

300 2396 410 2434 agree
428 2385 522 2421 with
551 2385 625 2422 this
651 2385 799 2422 learned
818 2385 930 2431 critic,
952 2385 1097 2433 though
1117 2385 1135 2421 I
1155 2385 1250 2421 have
1277 2385 1343 2422 left
1361 2385 1423 2422 the
1450 2388 1535 2421 text
1561 2383 1763 2421 unaltered.

300 2450 378 2486 The
397 2450 551 2486 modern
570 2454 858 2486 commentators
877 2461 939 2486 are
957 2449 1066 2486 silent
1083 2449 1279 2488 here—C.

352 2516 544 2553 XXVIII.
575 2514 586 2536 ¹
608 2514 671 2550 Εᾶ
704 2521 810 2553 nocte
835 2514 969 2563 paulld
995 2514 1118 2565 pesa]
1148 2515 1229 2553 The
1260 2516 1506 2564 conspirators
1535 2520 1613 2553 met
1636 2515 1675 2552 in
1702 2516 1765 2551 the

299 2581 391 2616 dead
410 2581 450 2616 of
464 2582 527 2617 the
545 2582 665 2630 night,
700 2581 775 2617 and
805 2592 892 2628 may
911 2581 956 2617 be
982 2581 1162 2628 supposed
1193 2586 1231 2617 to
1263 2581 1359 2617 have
1388 2585 1496 2628 spent
1513 2585 1586 2617 two
1605 2591 1646 2616 or
1664 2580 1765 2616 three

301 2646 413 2682 hours
432 2647 468 2682 in
489 2647 721 2692 conference3
751 2647 824 2682 and
857 2647 1033 2683 therefore
1061 2647 1124 2682 the
1156 2647 1244 2683 time
1271 2648 1356 2684 here
1373 2646 1522 2694 pointed
1539 2650 1579 2682 at
1597 2649 1697 2681 must
1724 2645 1768 2681 be

300 2709 401 2757 early
420 2710 458 2745 in
477 2711 540 2745 the
559 2711 738 2757 morning,
761 2711 883 2747 which
902 2722 978 2747 was
997 2711 1060 2747 the
1074 2712 1162 2747 time
1180 2712 1289 2748 when
1307 2711 1370 2748 the
1389 2708 1546 2748 Consuls
1564 2709 1638 2745 and
1663 2709 1766 2745 other

298 2778 406 2821 great
424 2785 510 2810 men
528 2774 604 2811 had
623 2775 718 2810 their
734 2774 835 2811 levee
854 2787 894 2811 or
906 2775 1228 2812 salutation.—M.
