1889 3191
305 223 379 258 134
683 223 961 264 SALLUSTII
987 224 1013 262 J
1015 224 1306 264 UGURTHIN
1307 223 1402 264 UM.

302 355 390 384 nus
415 339 606 386 consilio
625 359 633 385 :
662 356 857 402 quorum
880 342 1093 397 alterum,
1121 358 1177 389 ex
1194 340 1504 405 providentia,
1528 343 1744 390 timorem
1763 362 1775 398 ;

302 423 514 478 alterum,
542 441 597 470 ex
621 424 811 472 audacia
831 427 1142 473 temeritatem
1163 427 1342 475 adferre
1357 428 1629 492 plerumque
1652 427 1782 475 solet.

303 508 455 571 Igitur
479 509 741 571 Imperator
763 510 916 556 omnis
938 509 1035 557 fere
1061 527 1136 557 res
1169 528 1356 574 asperas
1389 529 1473 576 per
1496 513 1782 576 ‚Iugurtham

303 609 453 655 agere,
495 594 544 638 in
585 593 749 639 amicis
782 594 968 650 habere,
1007 596 1156 658 magis
1194 597 1434 660 magisque
1469 598 1519 644 in
1553 598 1651 645 dies
1685 615 1783 645 am-

301 678 474 740 plecti:
512 679 684 741 quippe
718 679 851 742 cujus
884 695 1033 742 neque
1069 680 1330 737 consilium,
1364 698 1514 745 neque
1545 683 1784 746 inceptum

301 762 448 808 ullum
472 762 646 809 frustra
679 770 792 810 erat.
863 764 973 811 Huc
1009 765 1255 812 accedebat
1290 766 1608 814 munificentia
1640 768 1784 814 animi

302 854 348 892 et
369 847 545 909 ingenii
569 847 785 903 solertia;
823 848 927 911 quis
961 849 1116 905 rebus,
1144 850 1233 897 sibi
1266 851 1440 898 multos
1469 867 1525 898 ex
1561 852 1784 900 Romanis

303 932 519 978 familiari
542 933 747 980 amicitia
771 934 1090 997 conjunxerat.

369 1017 510 1064 VIII.
548 1017 618 1064 Ea
655 1025 934 1082 tempestate
970 1020 1019 1067 in
1050 1022 1255 1068 exercitu
1292 1030 1453 1070 nostro
1493 1023 1621 1070 fuere
1661 1041 1785 1072 com-

301 1106 458 1167 plures
480 1106 589 1152 novi
611 1113 749 1169 atque
763 1107 957 1163 nobiles,
976 1108 1144 1170 quibus
1160 1108 1334 1156 divitiae
1358 1109 1480 1156 bono
1498 1110 1786 1173 honestoque

302 1191 506 1252 potiores
531 1197 677 1247 erant,
703 1192 887 1239 factiosi
916 1193 1055 1249 domi,
1083 1201 1298 1256 potentes
1323 1194 1450 1255 apud
1485 1195 1647 1251 socios,
1675 1195 1786 1242 clari

302 1277 450 1338 magis
474 1277 610 1339 quam
633 1277 833 1332 honesti,
862 1279 942 1340 qui
966 1279 1217 1341 Jugurthae
1242 1296 1336 1325 non
1371 1279 1652 1327 mediocrem
1685 1280 1785 1327 ani-

302 1377 428 1407 mum
455 1362 756 1424 pollicitando
790 1363 1117 1419 accendebant,
1159 1381 1204 1410 SI
1243 1364 1474 1412 MICIPSA
1505 1380 1614 1412 REX
1641 1380 1787 1412 ocel-

306 1461 503 1501 DISSET,
543 1463 698 1503 FORE,
739 1463 834 1494 UTI
873 1463 1036 1495 SOLUS
1071 1465 1292 1496 IMPERII
1330 1451 1600 1497 NUMIDIAE
1645 1467 1787 1498 POTI-

306 1543 518 1574 RETUR:
559 1545 618 1575 IN
658 1545 775 1576 IPSO
812 1546 1095 1577 MAXUMAM
1133 1548 1435 1588 VIRTUTEM,
1475 1533 1652 1580 ROMAE
1687 1549 1788 1580 OM-

306 1629 400 1659 ΝῙΑ
437 1629 677 1660 VENALIA
715 1630 856 1661 Esse.
929 1616 1020 1662 Sed
1042 1623 1308 1679 postquam,
1336 1617 1595 1664 Numantia
1620 1618 1784 1672 deleta,

305 1698 356 1744 P.
387 1699 541 1761 Scipio
565 1699 799 1747 dimittere
819 1701 1001 1757 auxilia,
1029 1702 1129 1764 ipse
1149 1703 1318 1749 revorti
1341 1703 1533 1750 domum
1553 1703 1785 1759 decrevit;

303 1782 527 1830 donatum
552 1791 690 1847 atque
713 1785 954 1832 laudatum
980 1788 1226 1848 magnifice
1250 1804 1335 1850 pro
1370 1788 1589 1835 concione
1610 1788 1787 1851 Jugur—

303 1868 436 1914 tham
472 1870 519 1914 in
565 1869 838 1930 praetorium
885 1871 1108 1926 abduxit;
1162 1872 1320 1934 ibique
1367 1874 1541 1919 secreto
1587 1873 1784 1928 monuit,

308 1953 422 1998 “uti
450 1954 605 2015 potius
640 1955 838 2016 publice,
879 1956 1017 2017 quam
1054 1956 1304 2018 privatim,¹
1340 1957 1592 2004 amicitiam
1627 1958 1789 2020 populi

305 2038 504 2084 Romani
529 2039 727 2093 coleret;
762 2057 855 2087 neu
878 2041 1046 2103 quibus
1069 2041 1229 2104 largiri
1262 2042 1576 2096 insuesceret;
1612 2043 1790 2104 pericu-

305 2123 404 2169 lose
429 2140 456 2169 a
478 2125 639 2185 paucis
676 2125 783 2180 emi,
829 2126 956 2188 quod
989 2127 1245 2172 multorum
1281 2134 1419 2173 esset.
1457 2127 1496 2174 si
1519 2143 1791 2189 permanere

305 2211 442 2256 vellet
466 2211 514 2256 in
539 2211 635 2257 suis
651 2212 845 2267 artibus,
864 2213 985 2259 ultro
1010 2212 1076 2258 illi
1102 2221 1147 2259 et
1171 2213 1380 2275 gloriam,
1403 2220 1449 2260 et
1473 2229 1667 2276 regnum
1683 2231 1789 2260 ven-

359 2416 474 2451 VIII.
506 2415 516 2436 ¹
540 2415 698 2452 Public&
719 2415 825 2464 qzcc‘tm
842 2415 1066 2466 privatim]
1096 2417 1121 2453 J
1124 2419 1290 2464 ugurtha
1307 2419 1339 2454 is
1358 2419 1443 2454 here
1463 2418 1615 2454 advised
1635 2422 1672 2454 to
1686 2423 1790 2454 court

304 2479 368 2514 the
386 2480 520 2516 favour
539 2480 580 2515 of
593 2480 656 2515 the
677 2479 843 2515 Romans
857 2478 1022 2527 publice,
1038 2481 1062 2517 i.
1081 2493 1109 2515 e.
1131 2481 1171 2516 of
1186 2481 1249 2516 the
1267 2480 1388 2517 whole
1408 2480 1720 2517 commonwealth
1739 2483 1790 2527 by

305 2544 429 2589 public
449 2545 522 2580 and
542 2545 775 2580 meritorious
793 2545 935 2581 actions
950 2558 959 2590 3
973 2543 1107 2591 potiris
1126 2544 1236 2592 quam
1251 2546 1449 2592 privatim,
1472 2547 1497 2582 i.
1514 2558 1544 2582 e.
1557 2547 1684 2583 rather
1696 2547 1790 2583 than

306 2609 416 2645 make
436 2609 661 2655 application
679 2614 718 2646 to
739 2621 761 2645 a
780 2611 851 2646 few
869 2610 1021 2658 leading
1038 2622 1134 2655 men,
1156 2612 1230 2646 and
1248 2612 1351 2648 bribe
1369 2612 1473 2648 them
1491 2622 1581 2648 over
1596 2615 1637 2648 to
1653 2611 1713 2647 his
1729 2611 1789 2647 in-

305 2674 427 2716 terest,
448 2672 487 2707 in
505 2673 619 2718 hopes
638 2673 679 2708 of
693 2673 834 2720 raising
853 2674 927 2710 and
953 2673 1231 2721 aggrandizing
1247 2674 1403 2710 himself
1415 2674 1580 2722 through
1607 2685 1736 2710 means
1754 2673 1796 2710 of

305 2735 401 2770 their
419 2736 599 2774 influence
620 2742 659 2773 at
679 2738 806 2783 Rome,
829 2739 902 2775 and
921 2739 960 2775 in
979 2740 1043 2775 the
1061 2739 1310 2775 senate.-M.
