1889 3191
263 239 285 274 2
291 238 341 274 24
646 233 923 275 SALLUSTII
949 235 974 272 J
977 233 1265 273 UGURTHIN
1269 233 1361 271 tm.

259 359 399 416 atque
422 358 477 398 ut
500 351 736 414 superiore
761 351 848 407 die,
875 366 1063 397 murum
1086 348 1372 410 adgreditur.
1445 346 1641 393 Interim
1657 346 1743 394 Ju-

259 432 434 500 gurtha
456 454 512 484 ex
535 436 717 484 occulto
734 436 923 498 repente
945 441 1130 480 nostros
1148 432 1340 479 invadit.
1355 432 1435 494 qui
1450 431 1499 478 in
1513 445 1743 493 proxumo

259 523 399 569 locati
434 520 653 575 fuerant,1
692 519 951 582 paullisper
985 517 1136 564 territi
1169 517 1500 578 perturbantur
1525 534 1536 562 :
1579 513 1745 578 reliqui

260 607 352 652 cito
377 605 674 652 subveniunt.
744 603 910 664 Neque
944 601 1119 647 diutius
1143 600 1367 646 Numidae
1400 601 1612 646 resistere
1646 598 1743 662 qui·

262 689 454 742 vissent,
481 687 530 732 ni
551 685 732 747 pedites
756 701 863 731 cum
898 684 1133 746 equitibus
1167 682 1387 745 permixti
1412 699 1632 745 magnam
1654 682 1744 729 cla-

260 771 367 817 dem
411 769 462 815 in
506 785 759 830 congressu
804 767 1048 814 facerent.²
1095 767 1264 830 quibus
1298 766 1367 813 illi
1399 766 1520 822 freti,
1558 782 1653 813 non
1690 772 1744 813 ut

260 854 463 917 equestri
503 853 666 916 praelio
702 853 834 908 solet,
870 852 1014 914 sequi,
1053 851 1160 898 dein
1194 851 1383 906 cedere;
1421 850 1504 897 sed
1536 849 1744 897 advorsis

259 939 391 1001 equis
415 953 703 992 concurrere,
728 936 968 998 implicare
1003 952 1055 982 ac
1078 935 1349 997 perturbare
1371 934 1546 990 aciem;
1581 934 1649 982 ita
1670 950 1744 981 ex-

260 1023 430 1085 peditis
453 1022 691 1084 peditibus
716 1021 812 1068 suis
835 1021 986 1067 hostis
1010 1023 1131 1081 pene
1153 1020 1301 1067 victos
1325 1018 1472 1067 dare.³

315 1223 419 1260 LIX.
451 1221 462 1243 ¹
491 1223 566 1266 Qui
586 1220 624 1255 in
638 1231 831 1267 proxumo
851 1219 968 1254 locati
990 1215 1178 1266 fuerant]
1213 1216 1250 1254 h.
1273 1230 1302 1253 e.
1325 1217 1428 1261 Quos
1447 1217 1641 1265 Jugurtha
1667 1217 1744 1264 pri-

260 1298 368 1323 mum
386 1288 583 1334 adtigerat,
605 1284 753 1331 quique,
774 1294 826 1318 ex
845 1282 1026 1318 Romanis
1045 1293 1112 1327 pro
1130 1281 1262 1318 castris
1289 1280 1487 1328 collocatis,
1507 1281 1563 1317 illi
1581 1281 1746 1328 proximi

264 1353 494 1388 erant.—M.

314 1415 328 1437 ’
347 1416 536 1464 Dia-qnam
557 1415 703 1450 cladem
721 1413 762 1448 in
785 1423 984 1460 congressu
994 1409 1208 1460 facerent]
1240 1410 1315 1447 Hic
1344 1410 1544 1449 Sallustius
1570 1409 1747 1458 peculiari

259 1483 369 1519 modo
387 1481 646 1528 imperfectum
677 1481 826 1523 tempus
854 1476 989 1522 posuit,
1021 1475 1110 1523 quia
1140 1486 1216 1511 non
1247 1480 1328 1512 tam
1359 1476 1460 1522 quod
1487 1479 1578 1512 tunc
1603 1474 1746 1512 factum

257 1546 399 1591 fuisset,
420 1542 538 1592 quam
556 1542 647 1590 quid
664 1542 778 1577 moris
797 1541 845 1577 sit
863 1551 1049 1586 exponere
1076 1539 1319 1577 voluit—M.

311 1605 327 1628 ⁸
359 1610 483 1645 Victos
503 1604 631 1654 dare.]
664 1605 862 1651 Duplieem
893 1615 945 1640 ex
976 1605 1035 1640 his
1063 1605 1188 1642 verbis
1215 1605 1340 1641 elicias
1368 1615 1530 1641 sensum.
1588 1603 1745 1651 Equites

258 1673 434 1710 Numidae
453 1666 548 1717 pene
565 1668 636 1714 ipsi
651 1667 852 1703 vincebant
870 1667 1004 1713 hostes,
1025 1671 1062 1703 et
1080 1664 1175 1714 pene
1195 1667 1315 1704 victos
1332 1667 1532 1703 tradebant
1549 1666 1657 1714 quasi
1674 1677 1745 1703 ex-

258 1735 392 1782 peditis
411 1733 486 1770 suis
517 1731 704 1778 peditibus
733 1726 845 1775 plane
867 1729 1131 1765 conficiendos:
1153 1741 1264 1776 quem
1292 1734 1420 1766 tamen
1449 1729 1645 1765 admittere
1663 1739 1747 1765 sen-

260 1809 355 1842 sum,
375 1795 507 1832 multae
524 1793 685 1829 rationes
704 1796 846 1828 vetant.
903 1791 1005 1839 Ergo
1024 1792 1199 1839 intellige,
1213 1803 1279 1839 per
1292 1792 1487 1839 expeditos
1506 1803 1591 1828 suos
1609 1792 1750 1838 pedites

259 1861 385 1896 hostes
402 1855 498 1905 pene
517 1855 730 1892 vincebant.
788 1853 943 1890 Victum
972 1855 1060 1890 dare
1087 1865 1154 1901 pro
1181 1854 1339 1891 vincere.
1397 1854 1453 1891 Ut
1471 1853 1579 1901 Virg.
1599 1854 1746 1891 AEneid.

259 1924 327 1960 xii.
348 1935 385 1958 v.
400 1923 488 1966 437,
510 1920 622 1955 Nunc
650 1922 687 1954 te
706 1929 790 1954 mea
817 1918 974 1954 dextera
1000 1919 1097 1955 bello
1117 1919 1323 1955 Defensum
1341 1918 1456 1954 dabit.
1515 1918 1640 1955 Senec.
1661 1918 1744 1955 Me-

259 1987 336 2030 dea,
358 1997 395 2020 v.
419 1983 506 2027 528,
531 1981 691 2028 Scythas
711 1980 881 2026 Pelasgis
895 1982 1028 2027 junge,
1046 1983 1231 2018 demersos
1259 1980 1476 2018 daha—M.

314 2047 456 2083 Hostes
470 2057 569 2092 pene
588 2043 706 2079 victos
726 2044 832 2088 dare,
854 2041 1013 2091 hostem]
1039 2042 1122 2092 (np.
1145 2041 1368 2090 Romanos.)
1430 2043 1556 2080 Victos
1576 2043 1672 2080 dare
1688 2043 1745 2080 for

259 2111 416 2147 vincere.
475 2107 624 2145 Cortius
638 2106 728 2141 cites
748 2105 830 2141 Ter.
853 2105 1058 2141 Heautont.
1081 2107 1114 2151 5,
1140 2107 1173 2151 1,
1198 2108 1258 2150 77,
1280 2106 1380 2141 Eum
1399 2106 1491 2142 adeo
1518 2110 1744 2143 exornatum

259 2173 364 2216 dabo,
387 2172 476 2207 adeo
513 2180 658 2215 pexum
676 2172 729 2212 ut,
765 2167 829 2203 διο.
886 2167 1038 2203 Phorm.
1069 2167 1422 2204 illam—incensam
1451 2167 1563 2203 dabo.
1618 2167 1742 2205 Plaut.

259 2235 351 2272 Cist.
376 2235 434 2278 11,
459 2233 493 2276 3,
516 2233 577 2275 51,
601 2230 817 2278 Perfectum
836 2230 907 2265 hoc
925 2241 995 2277 ego
1014 2230 1113 2265 dabo
1132 2231 1336 2278 negotium.
1394 2230 1528 2266 Pseud.
1549 2231 1581 2276 1,
1600 2231 1634 2276 5,
1655 2233 1741 2277 116,

259 2295 450 2346 Effectum
470 2295 539 2330 hoc
558 2293 666 2328 hodie
695 2292 866 2336 reddam,
888 2291 955 2327 διο.
1012 2292 1137 2338 Persa,
1159 2294 1194 2338 4,
1220 2294 1252 2338 1,
1275 2294 1309 2337 9,
1331 2292 1453 2337 Nunc,
1475 2303 1545 2339 ego
1570 2292 1742 2330 lenonem

257 2360 312 2395 ita
343 2357 452 2394 hodie
482 2356 703 2391 intricatum
737 2354 836 2389 dabo
853 2366 868 2394 ,·
898 2354 972 2389 and
991 2353 1099 2401 Virg.
1131 2355 1206 2390 and
1238 2354 1379 2399 Seme„
1399 2355 1524 2390 which
1551 2354 1650 2391 Mair
1675 2356 1746 2392 has

258 2422 373 2467 given
390 2420 431 2455 in
462 2418 521 2454 his
540 2422 651 2460 note3
681 2418 756 2452 and
776 2416 857 2451 Liv.
881 2417 914 2461 8,
938 2417 971 2461 6,
995 2418 1028 2462 6,
1061 2416 1121 2454 Sic
1152 2422 1298 2453 stratas
1330 2417 1493 2464 legiones
1525 2417 1745 2454 Latinorum

259 2483 370 2517 dabo.
430 2480 498 2517 See
517 2479 596 2515 also
616 2478 886 2514 Drakenborch
905 2489 953 2513 on
974 2479 1055 2514 Liv.
1080 2481 1113 2524 7,
1136 2480 1197 2524 33,
1222 2481 1283 2515 11.
1340 2477 1540 2526 Similarly,
1560 2477 1686 2525 Nepos
1704 2479 1744 2514 in

258 2546 340 2581 vita
357 2543 488 2580 Attici.
508 2554 538 2578 c.
564 2543 622 2587 18,
646 2541 799 2577 Habuit
826 2541 1015 2587 coynitam
1043 2542 1250 2589 neylectam
1277 2541 1426 2579 habere.
1483 2541 1556 2579 OV.
1572 2541 1642 2588 Ep.
1664 2541 1743 2589 Cy-

259 2608 358 2653 dipp.
379 2606 513 2642 Acont-
534 2617 571 2641 v.
593 2606 683 2641 226.
741 2605 827 2640 Vid.
849 2604 1037 2641 Schwarz.
1057 2606 1096 2641 in
1116 2605 1243 2642 Lexic.
1263 2605 1313 2642 N.
1334 2606 1375 2641 F.
1395 2616 1457 2652 pp.
1483 2606 1571 2650 624,
1593 2605 1681 2650 625,
1702 2609 1743 2641 at

258 2670 322 2706 the
340 2670 471 2715 words,
492 2667 560 2716 ἔχε
579 2683 625 2715 με
647 2667 908 2720 πιςῃτημένον,
931 2674 1157 2706 excusatum
1175 2681 1235 2705 me
1253 2671 1401 2707 habeto.
1477 2670 1539 2705 He
1556 2679 1644 2715 says
1661 2667 1702 2703 in
1719 2679 1743 2704 a

258 2736 354 2777 note,
377 2731 470 2769 Haec
488 2731 664 2780 loquendi
681 2733 842 2769 formula
860 2744 911 2769 ex
929 2733 1037 2770 Latio
1055 2733 1173 2770 trahit
1190 2732 1382 2782 orig-luem,
1398 2733 1431 2770 si
1446 2731 1615 2769 homines
1629 2741 1741 2779 quos-
