1889 3191
212 259 235 291 6
660 251 936 292 SALLUSTII
967 250 1249 291 CATALINA.

205 373 278 419 uti
299 373 348 420 in
368 371 504 426 bello,
524 370 714 425 valeret,
735 367 1010 433 aequabilius
1030 375 1169 432 atque
1188 369 1481 417 constantius
1501 386 1603 418 sese
1621 385 1694 416 res

206 459 429 504 humanae
453 456 710 510 haberent3
745 471 894 517 neque
919 455 1047 501 aliud
1070 454 1158 500 alio
1181 453 1304 510 ferri,
1343 471 1494 518 neque
1526 455 1700 502 mutari

210 558 262 589 ac
281 541 466 588 misceri
490 540 648 587 omnia
671 555 898 586 cerneres.
969 539 1093 585 Nam
1110 539 1359 600 imperium
1378 540 1515 587 facile
1533 539 1610 585 his
1633 555 1703 585 ar-

209 629 336 675 tibus
371 627 612 682 retinetur,
651 626 822 689 quibus
856 625 990 672 initio
1027 630 1215 687 partum
1248 632 1334 671 est.
1403 624 1580 672 Venim
1604 625 1707 671 ubi⁴

214 771 272 795 see
293 758 456 804 Servius,
475 758 551 795 Cic.
574 756 647 794 off.
670 758 704 802 3,
730 757 789 792 10.
864 757 999 802 Itaque
1026 754 1247 801 praeclarum
1267 766 1289 791 a
1320 756 1527 803 majoribus
1559 756 1702 803 accepi-

211 835 295 859 mus
327 834 471 859 morem
502 813 823 869 rogandi'judicis,
848 818 902 869 (si
921 831 1006 856 eum
1025 816 1255 866 teneremus)
1277 831 1372 866 quae,
1396 821 1472 866 &c.,
1493 821 1617 858 where
1645 833 1704 858 see

210 889 274 923 the
291 887 442 923 learned
462 886 609 922 Pearce.
667 884 716 922 So
744 885 808 921 the
829 883 971 922 Greeks
999 895 1063 921 use
1084 883 1122 930 εἰ,
1144 886 1217 921 and
1239 883 1272 919 εἴ
1287 883 1499 936 γὰρ-866
1517 885 1582 921 the
1600 896 1703 922 com-

211 955 416 988 mentators
448 951 489 987 of
504 951 612 998 Virg.
647 961 696 986 on
726 950 790 986 the
823 960 981 996 passage
1015 950 1133 986 above
1165 950 1287 994 cited3
1317 950 1481 997 Vigerus
1513 959 1562 984 on
1582 949 1704 986 Greek

210 1018 353 1062 ielioms,
376 1017 450 1053 and
470 1016 526 1052 his
546 1016 808 1062 interpreters3
839 1014 1079 1051 Hutchinson
1107 1025 1155 1049 on
1177 1013 1423 1060 Xenophon's
1443 1013 1682 1065 Ktaenon—C.

274 1082 388 1123 Quod
414 1079 482 1131 εὴ]
516 1081 561 1117 In
589 1081 666 1117 this
694 1081 828 1127 phrase
861 1079 965 1126 quod
991 1079 1023 1115 is
1054 1079 1118 1115 the
1152 1090 1254 1115 same
1282 1090 1323 1115 as
1349 1079 1425 1125 sed,
1457 1080 1532 1116 and
1559 1078 1638 1116 also
1665 1077 1705 1112 in

212 1150 276 1185 the
302 1149 434 1195 phrase
461 1147 564 1194 quod
589 1146 748 1181 utinam.
808 1144 884 1182 Cic.
914 1144 978 1180 lib.
1012 1144 1072 1189 14,
1102 1143 1171 1190 Ep.
1203 1144 1239 1187 4,
1272 1143 1382 1186 Quod
1408 1143 1556 1180 utinam
1580 1142 1707 1178 minus

212 1214 302 1249 vitae
339 1212 495 1258 cupidus
531 1211 698 1246 fuissem.
755 1209 804 1246 So
832 1209 896 1246 lib.
928 1209 963 1255 8,
994 1208 1064 1255 Ep.
1102 1209 1161 1253 14,
1193 1207 1302 1252 Quod
1329 1219 1404 1243 non
1432 1209 1573 1254 dubito,
1614 1206 1706 1254 quin

213 1283 250 1315 te
279 1288 426 1325 quoque
454 1278 535 1313 haec
563 1275 791 1321 deliberatio,
826 1275 889 1311 &c.
959 1273 1048 1310 And
1077 1273 1212 1320 Philip.
1246 1275 1306 1319 10,
1338 1273 1445 1317 Quod
1475 1275 1540 1322 qui
1567 1275 1615 1312 ab
1642 1273 1708 1309 illo

215 1343 366 1380 abducit
403 1343 621 1387 exercitum,
655 1346 691 1377 et
724 1344 944 1387 respectum,
987 1339 1051 1375 &c.
1109 1337 1154 1374 In
1185 1338 1292 1374 Vel-r.
1326 1338 1390 1375 lib.
1426 1341 1458 1385 1,
1500 1339 1608 1383 Quod
1638 1349 1709 1374 vos

213 1409 358 1453 oblitos,
388 1418 463 1443 non
483 1407 651 1451 arbitror,
674 1417 758 1452 quae
782 1404 995 1449 multitudo,
1021 1402 1083 1438 ἃς.
1142 1402 1223 1438 Lib.
1246 1403 1280 1447 8,
1311 1402 1380 1449 Ep.
1405 1404 1465 1449 14,
1489 1403 1599 1447 Quod
1630 1413 1706 1438 non

215 1473 355 1519 dubito,
389 1473 451 1508 δίο.
511 1471 645 1516 Caesar,
667 1471 730 1506 lib.
763 1471 798 1515 2,
827 1469 907 1505 Bel.
939 1468 1035 1513 Civ.‚
1068 1466 1178 1510 Quod
1206 1467 1271 1503 ubi
1295 1467 1421 1503 hostes
1447 1468 1624 1503 viderunt
1651 1477 1705 1502 ea.

215 1539 265 1574 Et
284 1538 348 1574 lib.
380 1538 415 1582 8,
449 1536 559 1581 Quod
592 1548 678 1572 cum
707 1540 802 1571 esset
829 1534 1143 1578 animadversum,
1174 1532 1414 1579 conjunctam
1442 1542 1519 1568 esse
1547 1531 1707 1567 flumini.

215 1604 346 1639 Varro.
372 1600 440 1638 lib.
465 1603 500 1637 6.
513 1600 554 1636 L.
569 1600 622 1646 L.,
647 1599 755 1643 Quod
774 1609 861 1634 cum
880 1598 1011 1633 dicunt
1030 1597 1311 1643 conspicionem,
1333 1595 1399 1632 &c.
1458 1596 1540 1632 Liv.
1556 1596 1620 1633 lib.
1644 1597 1705 1640 14,

215 1669 323 1713 Quod
346 1679 432 1704 cum
462 1666 600 1702 milites
627 1664 788 1702 consulis
815 1664 979 1710 imperio,
1001 1662 1066 1699 διο.
1125 1663 1223 1698 Plin.
1252 1662 1318 1698 lib.
1346 1663 1405 1708 18,
1435 1674 1465 1699 c.
1497 1663 1561 1707 23,
1593 1661 1702 1705 Quod

213 1739 257 1769 ut
275 1734 372 1769 hanc
391 1742 538 1778 quoque
557 1741 684 1766 curam
705 1727 1146 1764 determinemus—Vici.
1168 1726 1316 1762 Manut.
1337 1737 1384 1762 on
1398 1726 1473 1764 Cic.
1495 1725 1559 1762 lib.
1575 1726 1609 1770 8,
1630 1724 1701 1771 Ep.

222 1800 279 1842 14,
301 1798 374 1833 and
394 1796 456 1831 lib.
483 1797 541 1840 14,
572 1795 641 1841 Ep.
664 1795 708 1838 43
730 1793 804 1830 and
825 1793 981 1828 Perizon
1002 1803 1049 1827 on
1069 1792 1132 1827 the
1151 1791 1311 1827 Minerv.
1342 1791 1384 1827 of
1399 1790 1584 1836 Sanctius,
1609 1792 1641 1835 1,
1665 1791 1700 1826 5.

217 1865 251 1907 4,
275 1863 309 1907 5,
330 1866 407 1898 not.
430 1862 464 1904 9,
486 1872 521 1907 p.
549 1861 637 1896 664.
694 1859 773 1894 The
792 1858 903 1894 latter
921 1857 1024 1893 critic
1052 1868 1140 1904 says
1159 1857 1261 1903 quod
1290 1857 1321 1892 is
1339 1856 1542 1902 pleonastic
1569 1855 1609 1890 in
1636 1855 1703 1890 the

215 1928 348 1975 phrase
367 1926 470 1974 quod
488 1926 645 1960 utinam.
677 1923 745 1961 See
765 1923 842 1959 also
862 1920 1093 1958 Tursellinus
1111 1921 1156 1956 de
1177 1920 1375 1956 Particulis
1395 1921 1552 1967 Linguae
1574 1919 1699 1956 Latin.

220 1995 305 2037 1037,
328 1989 351 2041 ξ
372 1992 434 2027 45.
499 1988 612 2031 Quod
629 1990 660 2024 is
678 1987 890 2035 frequently
910 1986 1001 2022 used
1020 1985 1058 2020 in
1087 1985 1162 2021 this
1183 1996 1336 2021 manner
1356 1985 1395 2020 in
1414 1984 1602 2031 precative
1628 1994 1700 2019 ex—

216 2057 409 2102 pressions,
446 2066 496 2099 as,
519 2053 626 2101 Virg.
647 2053 734 2088 AEn.
757 2053 790 2095 2,
822 2063 859 2087 v.
893 2053 979 2095 141,
1003 2050 1111 2093 Quod
1140 2055 1187 2094 te,
1218 2061 1283 2096 per
1311 2061 1462 2097 superos
1489 2054 1527 2086 et
1558 2048 1705 2085 conscia

217 2122 371 2157 numina
404 2121 493 2165 veri,
519 2119 605 2162 &c.;
627 2118 702 2154 and
730 2117 875 2152 Terent.
909 2115 1047 2162 Hecyr.
1069 2116 1103 2159 3,
1127 2115 1160 2159 2,
1184 2115 1219 2150 3.
1278 2114 1386 2158 Quod
1418 2118 1464 2159 te,
1499 2113 1703 2159 AEsculapi,

217 2191 253 2221 et
274 2190 310 2221 te
331 2185 451 2230 Salus,
473 2171 627 2230 nequid
646 2183 694 2218 sit
723 2183 848 2229 hujus,
871 2192 945 2217 oro.
1002 2179 1090 2215 And
1109 2180 1230 2227 again,
1253 2179 1360 2227 Virg.
1380 2180 1467 2215 [ΕΠ.
1491 2180 1524 2225 6,
1554 2190 1591 2214 v.
1614 2178 1704 2214 363.

221 2251 330 2294 Quod
349 2250 380 2285 is
399 2249 610 2285 sometimes
628 2248 694 2283 the
712 2257 813 2282 same
837 2257 878 2282 as
896 2246 1005 2289 sicut,
1028 2257 1109 2281 cum
1130 2245 1260 2290 sciam,
1282 2256 1323 2281 or
1345 2256 1445 2281 some
1464 2244 1556 2280 such
1580 2244 1703 2290 thing.

221 2315 296 2352 cie.
335 2316 381 2350 13
415 2314 532 2360 Epist.
565 2314 613 2349 ad
651 2312 799 2348 Divers.
838 2312 900 2355 40,
933 2310 972 2347 Si
1001 2309 1079 2345 ulla
1106 2321 1273 2357 unquam
1303 2311 1403 2356 apud
1429 2314 1466 2345 te
1493 2320 1577 2345 mea
1603 2319 1705 2345 com-

221 2379 408 2416 mendatio
430 2377 560 2423 valuit,
582 2378 687 2424 qnod
703 2376 778 2412 scio
811 2374 951 2410 multas
981 2374 1143 2410 valuisse
1173 2374 1387 2420 plurimum,
1408 2374 1489 2410 haee
1521 2378 1563 2409 ut
1581 2372 1707 2409 valeat

220 2443 426 2491 rogo.-V.
450 2442 644 2488 Scioppius
662 2441 702 2476 in
722 2440 890 2486 Suspect.
913 2439 1075 2475 Lection.
1098 2441 1133 2484 4,
1159 2441 1217 2483 17,
1240 2443 1277 2474 et
1296 2438 1479 2485 praecipue
1498 2438 1646 2474 Manut.
1666 2437 1705 2472 in

222 2509 298 2544 Cic.
320 2509 367 2543 ad
386 2507 502 2542 Attio.
527 2507 548 2541 9
571 2505 689 2552 Epist.
711 2504 779 2540 ult.
851 2503 959 2546 Quod
979 2502 1190 2549 pleonastic,
1212 2504 1251 2538 in
1273 2503 1348 2541 Cic.
1369 2503 1414 2539 de
1434 2502 1603 2539 Divinat.
1625 2498 1648 2550 ξ
1670 2502 1704 2546 2,

221 2584 250 2607 c.
274 2573 319 2606 41
341 2585 349 2616 3
380 2572 477 2618 quod
499 2569 729 2608 Carneadem
750 2569 1005 2606 Clitomachus
1036 2569 1164 2604 scribit
1197 2569 1316 2604 dicere
1343 2568 1495 2605 solitum
1520 2577 1706 2614 nusquam

223 2648 259 2672 se
279 2637 570 2679 fortunatiorem,
593 2646 717 2681 quam,
742 2633 931 2670 &c—See
951 2633 1154 2679 Wopken‘s
1175 2633 1337 2668 Lection.
1359 2630 1620 2668 Tulliam—C.

272 2700 288 2721 ³
319 2701 450 2736 Verum
470 2698 568 2749 ubal]
601 2700 742 2736 Sallust
760 2698 973 2746 commonly
992 2702 1080 2744 puts
1098 2698 1162 2732 ubi
1180 2698 1236 2733 sor
1248 2709 1340 2742 cum,
1358 2696 1521 2743 quando,
1543 2706 1585 2731 or
1597 2700 1707 2742 post—

223 2777 335 2813 quam
353 2777 367 2804 ;
389 2764 463 2800 and
494 2763 705 2799 sometimes
733 2762 786 2797 ibi
817 2762 874 2798 sor
901 2767 990 2797 tunc
1016 2773 1057 2798 or
1086 2766 1174 2807 tum,
1206 2773 1247 2797 as
1275 2761 1364 2809 Jug.
1395 2771 1474 2806 cap.
1504 2759 1617 2804 xlix„
1649 2759 1708 2795 Ibi

223 2842 250 2865 c<
259 2828 463 2865 -mmutatis
482 2826 797 2864 ordinibus-M.
