1889 3191
469 231 748 273 SALLUSTII
775 230 800 269 J
805 229 1193 270 UGURTHINUM.
1504 227 1579 264 203

86 371 143 404 ex
185 351 366 402 nunciis
403 350 615 414 accepit3
659 347 801 396 simul
847 347 904 395 de
943 344 1211 393 innocentia
1247 343 1363 407 ejus¹
1411 342 1580 390 certior

88 441 238 487 Roma
259 438 410 485 factus
434 434 646 482 diffidere
671 433 769 481 suis
792 433 948 488 rebus,
977 448 1030 478 ac
1064 437 1168 478 tum
1195 427 1388 476 demdm
1424 443 1580 474 veram

86 524 372 573 deditionem
393 514 545 569 facere
570 526 767 568 conatus
803 517 916 566 est.2
984 517 1139 580 Igitur
1171 515 1353 579 legatos
1377 513 1437 561 ad
1461 513 1583 560 Con·

85 609 233 658 sulem
258 625 366 656 cum
390 605 652 671 suppliciis3
675 604 839 661 mittit,
866 603 947 668 qui
980 600 1308 650 tantummodo
1343 599 1436 664 ipsi
1469 599 1583 646 libe-

85 695 240 759 risque
262 695 408 742 vitam
445 699 676 757 peterent,
717 692 806 738 alia
840 690 999 738 omnia
1022 689 1246 737 dederent
1279 688 1455 752 populo
1492 688 1585 735 Ro-

85 797 241 829 mano.
314 779 407 828 Sed
443 779 639 827 Metello
672 777 772 842 jam
813 777 950 824 antea
985 775 1319 840 experimentis
1345 775 1585 838 cognitum

86 874 200 925 erat,
226 884 374 931 genus
398 866 716 914 Numidarum
750 865 964 921 infidum,
1008 862 1196 927 ingenio
1234 860 1411 917 mobili,
1447 875 1585 907 nova-

139 999 284 1036 XLVI.
316 996 328 1020 ¹
350 998 414 1035 De
432 998 651 1037 innocentia
671 995 786 1047 ejus]
817 997 881 1045 By
898 995 1113 1033 innocentia
1130 994 1171 1030 in
1190 993 1266 1030 this
1285 993 1390 1040 place
1408 993 1440 1029 is
1458 995 1587 1028 meant

83 1063 170 1100 that
189 1063 338 1111 quality
356 1063 398 1099 of
411 1061 535 1098 virtue
554 1062 641 1098 that
658 1061 836 1098 rendered
854 1060 935 1096 him
953 1059 1064 1107 proof
1073 1057 1225 1106 against
1239 1057 1372 1102 bribeS,
1387 1056 1462 1093 and
1478 1056 1588 1092 made

84 1127 165 1164 him
183 1129 302 1177 reject
322 1126 374 1164 an
393 1126 485 1163 such
504 1126 613 1163 offers
631 1125 727 1162 with
747 1136 854 1162 scorn
873 1124 948 1160 and
967 1125 1169 1168 contempt.
1177 1119 1284 1156 -M.

137 1187 153 1210 ²
171 1190 419 1228 Deditionem
429 1190 566 1239 facere
587 1194 746 1225 conatus
766 1186 856 1238 est]
896 1186 1043 1224 Conari
1061 1187 1092 1223 is
1119 1182 1335 1234 frequently
1353 1183 1446 1220 used
1462 1183 1502 1219 in
1521 1183 1587 1218 the

86 1269 191 1296 sense
209 1257 252 1294 of
266 1257 444 1304 coyitare,
466 1257 676 1301 decernere,
708 1255 779 1292 sibi
800 1265 1028 1303 proponere,
1051 1263 1092 1290 as
1119 1252 1185 1289 the
1211 1250 1363 1288 learned
1381 1248 1586 1286 Broukhu-

86 1323 163 1360 sius
180 1322 222 1358 in
238 1321 298 1358 his
316 1325 524 1358 comments
542 1332 591 1357 on
620 1319 850 1368 Propertius,
881 1318 946 1357 lib.
970 1320 1004 1365 1,
1025 1317 1133 1366 Eleg.
1157 1318 1192 1364 3,
1222 1328 1260 1354 v.
1286 1316 1346 1362 12,
1369 1315 1515 1359 shows3
1546 1325 1588 1351 as

87 1387 261 1425 Valerius
280 1386 459 1424 AEdituus
477 1385 518 1423 in
537 1385 585 1422 A.
607 1385 703 1424 Gen.
723 1385 788 1423 lib.
813 1386 873 1432 19,
896 1397 926 1422 c.
950 1386 972 1422 9
988 1398 1054 1422 :—

303 1453 326 1472 “
341 1452 474 1488 Dicere
493 1462 579 1488 cum
611 1463 726 1487 conor
745 1462 876 1487 curam
894 1450 965 1487 tibi
984 1447 1186 1496 Pamphila
1205 1446 1334 1493 cordis,

341 1505 442 1550 Quid
459 1505 514 1542 mi
534 1505 601 1542 abs
619 1508 658 1542 te
677 1516 854 1552 quaeram,
875 1504 993 1542 verba
1010 1503 1125 1540 labris
1145 1501 1318 1538 abeunt.’⁷

89 1572 236 1610 Terent.
259 1572 412 1609 Phorm.
430 1571 505 1608 Act
522 1573 555 1617 1,
577 1582 685 1608 scene
705 1572 783 1607 2—

373 1637 396 1656 “
414 1636 460 1674 G.
494 1635 534 1673 Si
552 1635 637 1683 quis
657 1646 718 1672 me
737 1638 879 1683 quaeret
898 1634 1016 1672 rufus.

409 1689 458 1726 D.
490 1689 634 1726 Praesto
653 1693 719 1735 est,
742 1688 877 1726 desine.

411 1742 457 1780 G.
490 1742 562 1789 Oh,
584 1747 624 1780 at
643 1753 713 1791 ego
732 1742 884 1780 obviam
904 1742 1068 1779 conabar
1085 1740 1164 1787 tibi,
1187 1740 1331 1778 Dave.''

88 1810 235 1846 Lucret.
256 1808 320 1845 lib.
344 1809 423 1844 1-—

261 1875 284 1893 “
301 1872 375 1911 Sed
393 1872 513 1910 veluti
531 1872 657 1921 pueris
676 1872 871 1910 absinthia
889 1875 988 1909 tetra
1006 1871 1201 1908 medentes

302 1927 431 1972 Quum
450 1928 539 1965 dare
559 1932 758 1973 conantur,
779 1926 884 1974 prius
903 1936 987 1964 oras
1006 1929 1044 1963 et
1061 1924 1198 1973 pocula
1217 1923 1393 1970 circum,‘’
1417 1923 1480 1959 &c.

87 1994 226 2043 Again,
250 1994 400 2031 Lucret.
424 1993 489 2030 lib.
514 1995 548 2041 1,
569 1994 732 2032 initio—

319 2061 342 2080 “
357 2060 409 2097 Te
429 2060 571 2097 sociam
590 2060 720 2097 studeo
740 2058 950 2096 scribundis
969 2057 1142 2095 versibus
1157 2068 1235 2094 esse

359 2113 463 2158 Quos
482 2125 551 2162 ego
571 2114 616 2151 de
634 2125 760 2150 rerum
778 2117 918 2150 natura
936 2123 1100 2160 pangere
1121 2123 1237 2148 conor

360 2167 589 2204 Memniadae
607 2167 770 2204 nostro.⁷⁷

93 2232 169 2270 Cic.
189 2232 254 2269 lib.
277 2233 312 2278 5,
335 2233 381 2269 ad
401 2232 550 2270 Divers.
571 2232 641 2280 Ep.
663 2232 699 2278 4,
720 2231 834 2268 Nunc
862 2229 956 2267 mihi
977 2229 1141 2275 Quintus
1168 2232 1276 2276 pater
1302 2239 1408 2266 meus
1439 2227 1595 2264 mitissi-

90 2309 196 2335 mam
212 2302 321 2335 tuam
339 2299 556 2344 orationem,
579 2309 694 2346 quam
713 2297 752 2333 in
772 2300 907 2334 senatu
934 2295 1139 2341 habuisses,
1169 2293 1402 2342 perscripsit:
1433 2304 1509 2341 qua
1533 2293 1595 2329 in-

93 2363 229 2399 ductus
247 2363 296 2399 ad
315 2366 354 2399 te
381 2362 539 2399 seribere
558 2373 643 2399 sum
662 2365 829 2399 conatus.
888 2360 908 2397 I
927 2361 975 2397 do
993 2364 1061 2397 not
1079 2371 1149 2408 say
1167 2359 1198 2397 it
1215 2360 1286 2397 has
1303 2359 1388 2396 that
1407 2358 1596 2408 significa-

91 2426 172 2463 tion
190 2427 228 2462 in
247 2426 324 2463 this
342 2426 447 2473 place
466 2427 507 2463 of
531 2425 787 2464 Sallust—C.

145 2491 161 2513 ³
189 2492 282 2530 Cum
301 2490 539 2542 suppliciis]
570 2492 807 2540 Messengers
825 2492 911 2528 who
939 2494 1041 2528 went
1059 2493 1099 2527 to
1127 2500 1193 2526 sue
1219 2489 1276 2526 for
1302 2500 1424 2537 peace,
1455 2489 1598 2526 carried

92 2559 132 2595 in
153 2557 249 2595 their
266 2556 371 2592 hand
390 2568 412 2593 a
430 2556 575 2592 branch
594 2556 636 2592 of
650 2556 748 2592 olive
776 2567 818 2592 or
835 2555 964 2601 laurel,
985 2554 1111 2591 which
1139 2554 1232 2603 they
1251 2552 1370 2590 called
1399 2552 1592 2601 supplicia.

94 2623 225 2660 Hence
244 2621 354 2669 Virg.
375 2620 522 2667 AEneid,
546 2623 579 2667 7,
601 2632 640 2657 v.
663 2621 796 2658 153-

272 2689 294 2708 “
309 2687 472 2725 Centum
492 2691 656 2724 oratores
677 2690 841 2735 augusta
862 2685 911 2722 ad
929 2684 1069 2721 moenia
1086 2684 1187 2733 regis

308 2741 368 2778 Ire
384 2741 505 2788 jubet,
525 2741 641 2777 ramis
659 2740 807 2777 velatos
827 2739 994 2776 Palladis
1016 2750 1145 2775 omnes

310 2795 496 2843 Donaque
512 2794 606 2831 ferre
624 2794 718 2841 vim,
740 2803 945 2842 pacemque
964 2803 1166 2840 exposcere
1184 2791 1372 2829 Teucris.”

96 2861 164 2901 See
183 2871 265 2909 cap.
288 2861 377 2908 108,
398 2864 486 2898 note
509 2859 656 2897 1.-M.
