1889 3191
297 287 318 322 9
329 287 350 322 0
754 285 1032 324 SALLUSTII
1061 285 1328 326 CATILINA.

294 402 478 448 rebant.
549 402 656 449 Hoc
677 402 804 449 idem
837 403 1179 465 providendum
1202 410 1288 459 est,
1320 403 1482 450 Patres
1507 402 1778 465 conscripti,

295 505 354 534 ne
378 488 485 550 plus
507 488 657 534 valeat
681 487 808 548 apud
829 504 911 534 vos
935 488 988 533 P.
1011 489 1202 534 Lentuli
1225 495 1271 535 et
1304 495 1579 536 caeterorum
1614 488 1782 543 scelus,

298 590 438 635 quam
462 581 616 619 vestra
639 573 871 634 dignitas3
910 588 1003 618 neu
1025 572 1181 634 magis·
1206 573 1306 628 irae,
1333 573 1473 635 quam
1493 573 1648 629 famae,
1675 589 1784 620 con-

300 660 480 706 sulatis.
551 659 677 705 Nam
702 658 742 704 si
766 658 908 720 digna
929 673 1069 717 poena
1090 673 1175 719 pro
1198 657 1335 703 factis
1354 674 1514 704 eorum
1535 659 1782 721 reperitur,

298 761 472 791 novum
496 743 743 789 consilium
778 742 1013 804 adprobo:
1053 742 1123 788 sin
1159 740 1434 804 magnitudo
1469 742 1654 789 sceleris
1687 758 1786 788 om-

297 831 430 875 nium
455 829 643 891 ingenia
666 834 942 890 exsuperat3
980 827 1038 872 iis
1064 826 1291 873 utendum
1325 843 1506 882 censeO,
1534 843 1640 890 quae
1673 826 1786 889 legi-

299 916 386 960 bus
411 920 679 976 comparata
702 920 827 959 suut.
900 912 1116 974 Plerique
1140 928 1314 968 eorum,
1342 912 1423 975 qui
1453 919 1562 959 ante
1585 928 1661 958 me
1684 927 1786 959 sen-

299 1001 469 1047 tentias
494 1000 725 1054 dixerunt,
749 999 987 1061 compost&
1002 1005 1140 1060 atque
1155 998 1399 1061 magnifice
1417 1014 1578 1045 casum
1600 997 1787 1060 reipub-

299 1087 402 1133 lieae
425 1086 634 1132 miserati
659 1092 770 1130 sunt
789 1103 799 1130 z
838 1100 943 1147 quae
965 1084 1076 1130 belli
1100 1084 1296 1139 saevitia,
1322 1100 1428 1147 quae
1451 1083 1588 1130 victis
1609 1082 1787 1132 accide-

300 1180 419 1228 rent,
447 1187 787 1225 enumeravere,
814 1170 916 1231 rapi
937 1169 1153 1231 virgines,
1173 1185 1359 1231 puerOS,
1388 1168 1544 1216 divelli
1565 1168 1737 1215 liberos
1760 1183 1788 1213 a

298 1267 546 1321 parentum
582 1257 857 1320 complexu:
893 1263 1068 1303 matres
1100 1255 1384 1302 familiarum
1418 1255 1531 1317 pati,
1556 1270 1662 1316 quae
1695 1252 1788 1300 vic-

298 1344 480 1390 toribus
496 1343 815 1389 collibuissent
833 1361 843 1387 :
862 1341 969 1388 fana
987 1348 1125 1403 atque
1144 1340 1308 1387 domos
1323 1339 1572 1400 expoliari:
1593 1339 1785 1394 caedem,

300 1428 513 1474 incendia
535 1427 667 1474 fieri:
697 1428 950 1489 postremo,
988 1426 1143 1480 armis,
1172 1425 1486 1479 cadaveribus,
1524 1440 1685 1471 cruore
1719 1431 1787 1470 at-

300 1526 388 1572 que
428 1510 558 1555 luctu
596 1509 753 1554 onmia
787 1508 1026 1570 compleri.
1099 1506 1204 1562 Sed,
1231 1523 1315 1569 per
1349 1506 1461 1553 deos
1493 1505 1786 1561 immortalis,

300 1598 388 1658 quo
414 1595 491 1640 illa
531 1594 678 1640 oratio
717 1591 975 1655 pertinuit?
1013 1608 1086 1646 an,
1126 1591 1199 1637 uti
1231 1608 1314 1637 vos
1347 1591 1545 1638 infestos
1577 1591 1789 1654 conjura-

299 1681 417 1727 tioni
441 1677 644 1726 faceret?
671 1679 846 1725 seilicet
870 1694 1008 1740 quem
1023 1693 1096 1723 res
1120 1683 1252 1723 tanta
1266 1684 1404 1739 atque
1428 1683 1524 1722 tam
1542 1683 1676 1722 atrox
1691 1691 1787 1722 non

298 1766 543 1828 permovit,
571 1781 677 1811 eum
702 1763 849 1810 oratio
874 1762 1110 1809 accendet.
1180 1762 1292 1808 Non
1310 1762 1377 1808 ita
1395 1769 1494 1809 est:
1519 1778 1669 1825 neque
1692 1761 1787 1808 eui·

299 1867 437 1914 quam
461 1849 726 1896 mortalium
754 1847 937 1910 injuriae
963 1846 1080 1893 suae6
1097 1863 1253 1909 parvae
1277 1847 1495 1893 videntur
1516 1865 1526 1893 :
1552 1846 1691 1893 multi
1708 1862 1787 1894 eas

298 1937 482 1999 gravius
521 1951 654 1997 aequo
692 1934 912 1980 habuere.
987 1932 1078 1979 Sed
1112 1932 1215 1978 aliis
1250 1932 1340 1978 alia
1383 1931 1583 1987 licentia,
1623 1931 1787 1978 Patres

299 2021 567 2082 conscripti.
595 2020 674 2082 qui
698 2019 889 2065 demissi
911 2019 960 2064 in
996 2018 1193 2064 obscuro
1216 2017 1360 2063 vitam
1396 2016 1585 2072 habent,
1612 2016 1652 2063 si
1673 2015 1788 2080 quid

299 2103 537 2151 iracundia
582 2102 830 2164 deliquere,
870 2101 1008 2163 pauci
1043 2100 1229 2154 seiunt3
1266 2099 1392 2145 fama
1425 2106 1565 2161 atque
1598 2098 1787 2145 fortuna

298 2206 432 2253 pares
459 2195 567 2234 sunt
589 2207 598 2233 :
637 2188 717 2250 qui
744 2202 911 2249 magno
945 2186 1142 2248 imperio
1177 2184 1366 2247 praediti
1388 2185 1437 2230 in
1461 2184 1640 2231 excelso
1675 2191 1787 2231 aeta-

299 2288 394 2322 tem
418 2281 576 2336 agunt,
606 2289 766 2318 eorum
791 2272 915 2318 facta
939 2271 1095 2317 cuncti
1117 2269 1337 2316 mortales
1370 2285 1556 2316 novere.
1628 2270 1706 2316 Ita
1738 2271 1788 2316 in

299 2361 520 2407 maxuma
542 2358 729 2404 fortuna
752 2357 965 2402 minuma
986 2355 1176 2401 licentia
1198 2362 1286 2401 est.
1311 2370 1463 2417 neque
1479 2354 1680 2410 studere,
1707 2371 1787 2402 ne-

302 2464 390 2511 que
426 2445 595 2498 odisse,
635 2442 717 2489 sed
751 2442 957 2488 minume
1001 2441 1137 2487 ixasci
1172 2440 1333 2496 decet3
1372 2456 1478 2503 quae
1512 2439 1639 2502 apud
1671 2439 1788 2486 alios

356 2617 371 2637 ⁶
395 2617 551 2663 Itginrz'oe
570 2612 678 2663 suae]
712 2613 779 2651 See
798 2614 822 2650 J
828 2625 888 2661 ug.
919 2626 950 2650 c.
972 2613 1067 2659 xiv„
1089 2614 1168 2648 med
1202 2612 1346 2660 injuria
1374 2611 1537 2658 despecti
1563 2611 1662 2648 estis.
1719 2611 1789 2648 S.-e

306 2680 499 2719 Schelle-2⁸>-
520 2678 632 2713 Latiu
652 2677 864 2721 Grammar,
886 2676 961 2713 vel.
982 2677 1005 2712 i.
1028 2688 1063 2722 p.
1089 2677 1178 2721 352,
1199 2687 1248 2711 on
1267 2676 1331 2711 the
1358 2674 1537 2721 meaning
1554 2674 1596 2710 of
1610 2674 1674 2709 the
1701 2684 1788 2719 pas-

304 2744 439 2780 sessive
466 2751 679 2786 pronouus3
709 2740 784 2775 and
814 2739 950 2775 Ascen.
985 2739 1024 2774 in
1057 2750 1079 2774 a
1106 2744 1194 2774 note
1222 2749 1272 2774 on
1303 2738 1367 2774 the
1395 2747 1504 2784 poem
1532 2735 1651 2772 called
1681 2736 1790 2772 “Vir

306 2804 469 2850 Bonus,”
487 2803 527 2839 in
546 2802 609 2838 the
628 2801 689 2838 old
707 2802 863 2838 editions
882 2802 923 2837 of
938 2800 1173 2848 Virgil.-C.
