1889 3191
518 238 796 278 SALLUSTII
819 238 844 275 J
848 236 1236 276 UGURTHINUM.
1539 239 1560 274 2
1567 240 1616 275 77

127 356 237 403 ariis
259 355 494 419 agendum
516 354 745 401 adtribuit
768 374 781 409 ;
810 354 871 400 A.
909 353 1145 400 Manlium
1166 352 1376 416 legatum
1402 369 1510 400 cum
1545 370 1622 402 co-

126 441 345 488 hortibus
366 439 597 502 expeditis
616 439 677 486 ad
699 438 926 503 oppidum
951 438 1125 494 Laris,²
1147 438 1231 485 ubi
1265 437 1554 501 stipendium
1577 447 1623 486 et

126 531 440 573 commeatum
473 525 720 581 locaverat,
745 524 812 572 ire
829 523 979 587 jubet,
1019 539 1067 570 se
1101 523 1480 585 praedabundum
1514 531 1623 586 post

125 626 300 674 paucos
324 610 423 657 dies
446 609 610 658 eodem
643 616 910 658 venturum.
982 608 1059 656 Sic
1081 609 1289 672 incoepto
1314 624 1399 656 suo
1422 609 1621 665 occulto,

125 697 281 760 pergit
303 697 364 744 ad
384 697 562 744 flumen
583 696 782 744 Tanam.

198 782 334 829 XCI.
372 782 611 830 Caeterum
634 782 686 829 in
707 781 873 829 itinere
896 781 1109 844 quotidie
1131 796 1276 844 pecus
1300 781 1523 829 exercitui
1545 797 1628 843 per

128 869 378 924 centurias,
404 869 520 916 item
542 874 722 915 turmas
758 867 1004 930 aequaliter
1038 867 1377 923 distribuerat,¹
1402 874 1449 914 et
1472 883 1528 915 ex
1553 883 1628 914 co-

127 953 209 1000 riis
234 962 363 1002 utres
385 955 456 1001 uti
478 955 658 1010 fierent,
686 953 881 1001 curabat
902 972 912 1000 :
941 953 1081 1000 simul
1105 959 1152 1000 et
1173 953 1383 1016 inopiam
1403 953 1630 1000 frumenti

128 1038 290 1095 lenire,
316 1046 362 1086 et
384 1040 560 1103 ignaris
584 1040 816 1095 omnibus,
843 1055 1022 1102 parare,
1051 1056 1156 1103 quae
1190 1056 1302 1087 mox
1323 1040 1433 1087 usui
1455 1040 1628 1087 forent.

129 1124 330 1188 denique
354 1133 486 1172 sexto
510 1125 598 1181 die,
627 1124 736 1172 cum
771 1125 831 1171 ad
853 1125 1031 1172 fiumen
1063 1130 1258 1172 ventum
1294 1130 1378 1180 est,
1410 1140 1632 1172 maxuma

130 1210 200 1258 vis
223 1211 402 1257 utrium
426 1211 605 1258 effecta.
677 1211 752 1257 Ibi
787 1211 954 1257 castris
987 1210 1079 1257 levi
1113 1209 1408 1257 munimento
1443 1210 1628 1273 positis,

129 1295 304 1343 milites
327 1296 484 1343 cibum
519 1311 696 1359 capere,
733 1303 884 1360 atque,
912 1297 982 1343 uti
1008 1296 1150 1344 simul
1171 1312 1280 1343 cum
1315 1311 1487 1344 occasu
1522 1296 1633 1343 solis

130 1381 504 1445 egrederentur,²
526 1390 716 1446 paratos
750 1399 852 1429 esse
871 1382 1008 1445 jubet
1031 1401 1041 1428 z
1086 1382 1306 1429 omnibus
1331 1383 1526 1430 sarcinis
1553 1383 1633 1429 ab·

125 1467 278 1530 jectis,
306 1467 427 1530 aqua
448 1467 588 1514 modo
605 1483 745 1531 seque
764 1474 811 1515 et
828 1468 1046 1531 jumenta
1061 1482 1267 1514 onerare.
1338 1467 1476 1523 Dein,
1501 1475 1632 1530 post-

130 1572 273 1618 quam
295 1562 483 1620 tempus
505 1556 673 1612 visum,
700 1556 865 1603 castris
889 1555 1139 1619 egreditur,
1166 1561 1446 1618 noctemque
1484 1561 1635 1603 totam

132 1642 300 1689 itinere
331 1642 456 1689 facto
496 1642 723 1689 consedit.
757 1642 884 1690 idem
917 1642 1147 1705 proxuma
1181 1640 1310 1688 facit.
1334 1641 1444 1688 dein
1478 1641 1630 1698 tertia,

131 1728 283 1775 multo
300 1731 412 1775 ante
426 1728 545 1775 lucis
560 1728 828 1784 adventum,
847 1727 1061 1791 pervenit
1076 1727 1128 1774 in
1147 1726 1303 1774 locum
1321 1727 1630 1782 tumulosum,

133 1815 192 1861 ab
216 1814 373 1877 Capsa
394 1830 492 1861 non
514 1813 717 1877 amplius
742 1814 887 1860 duum
911 1813 1114 1860 millium
1143 1812 1389 1860 intervallo
1413 1832 1422 1859 :
1459 1813 1633 1876 ibique,

134 1903 275 1963 quam
298 1900 614 1948 occultissime
636 1906 808 1963 potest,
831 1917 938 1947 cum
962 1899 1182 1946 omnibus
1206 1898 1354 1961 copiis
1375 1899 1635 1962 opperitur.

137 1986 229 2033 Sed
250 1987 334 2033 ubi
357 1987 457 2034 dies
492 1987 650 2050 coepit,
677 1994 723 2034 et
746 1986 973 2034 Numidae
1006 1986 1128 2032 nihil
1162 1985 1335 2032 hostile
1370 1993 1637 2032 metuentes

135 2071 276 2119 multi
298 2073 473 2136 oppido
497 2074 673 2137 egressi
693 2095 704 2129 3
729 2076 924 2136 repente
947 2089 1135 2120 omnem
1154 2073 1430 2136 equitatum,
1459 2079 1506 2120 et
1529 2090 1636 2120 cum

136 2157 213 2204 his
247 2158 581 2207 velocissumos
621 2160 803 2223 pedites
841 2177 983 2208 cursu
1023 2159 1214 2206 tendere
1248 2158 1309 2205 ad
1332 2158 1552 2221 Capsam,
1593 2167 1639 2206 et

189 2325 204 2347 ²
223 2327 289 2362 Ad
306 2325 489 2375 oppidum
510 2327 666 2378 Laris]
699 2328 883 2366 Whether
902 2327 1009 2364 Laris
1037 2328 1083 2364 be
1101 2327 1165 2364 the
1193 2327 1359 2375 genitive
1388 2328 1566 2376 singular,
1599 2340 1642 2366 or

137 2392 203 2429 the
221 2391 434 2427 accusative
450 2391 584 2438 plural,
604 2393 637 2429 is
655 2393 875 2437 uncertain3
905 2392 974 2428 but
992 2391 1057 2427 the
1086 2391 1200 2428 latter
1229 2402 1347 2428 seems
1380 2396 1481 2428 most
1509 2404 1640 2440 agree-

138 2456 222 2493 able
239 2460 279 2493 to
298 2467 366 2491 our
385 2456 550 2493 author’s
567 2457 847 2494 mannen—M.

194 2520 300 2559 XCI.
331 2517 344 2541 ¹
366 2519 594 2569 AEqualiter
614 2518 900 2570 distribuerat]
931 2519 1032 2556 That
1063 2519 1106 2565 is,
1137 2519 1170 2555 if
1194 2523 1234 2555 to
1267 2519 1359 2556 each
1391 2520 1570 2567 centuria,
1601 2532 1644 2557 or

137 2597 325 2635 company
343 2585 385 2623 of
397 2586 486 2633 foot,
503 2586 628 2622 which
647 2586 832 2623 consisted
851 2585 892 2622 of
906 2596 975 2621 one
993 2585 1164 2621 hundred
1183 2595 1280 2629 men,
1297 2584 1345 2620 he
1364 2595 1473 2632 gave,
1493 2585 1552 2622 for
1569 2597 1642 2622 ex-

139 2650 273 2698 ample,
294 2655 359 2688 ten
378 2651 490 2698 sheep
506 2665 515 2696 3
535 2651 628 2687 then
646 2650 739 2687 each
756 2654 895 2695 turma,
915 2660 958 2686 or
976 2652 1084 2696 troop
1112 2648 1154 2685 of
1168 2649 1288 2694 horse⁷
1310 2647 1437 2684 which
1457 2649 1643 2687 consisted

139 2716 181 2753 of
195 2716 318 2765 thirty
335 2727 434 2762 men,
455 2720 523 2764 got
540 2715 771 2753 three—M.

192 2779 207 2801 ¹
233 2782 328 2819 Cum
349 2793 487 2818 occasu
505 2781 597 2818 solis
616 2778 918 2831 eqredereatur]
950 2778 1126 2828 Intellige
1144 2777 1398 2816 castris—M.

1353 2847 1443 2890 21³
