1889 3191
266 239 314 275 18
713 235 986 276 SALLUSTII
1013 235 1275 275 CATILINA.

259 362 404 414 tumn,
433 356 545 404 satis
568 356 735 420 amplae
757 355 1104 419 magnificaeque
1126 354 1282 410 fuere3
1308 369 1468 402 verum
1490 354 1723 418 aliquanto

257 444 460 492 minores
482 451 652 500 tamen,
679 443 815 507 quam
847 443 969 490 fama
1001 442 1228 490 feruntur.
1299 441 1391 494 Sed
1424 442 1532 505 quia
1564 459 1725 506 prove-

256 547 365 577 nere
386 530 452 577 ibi
477 530 756 594 scriptorum
780 546 949 593 magna
979 529 1181 592 ingenia,
1208 544 1292 592 per
1314 534 1539 576 terrarum
1564 530 1723 580 orbem

255 617 615 664 Atheniensium
628 616 751 663 facta
763 631 848 678 pro
863 615 1091 662 maxumis
1109 614 1413 662 celebrantur.
1452 615 1528 662 Ita
1545 631 1717 671 eorum,

254 749 450 795 depresses.
509 747 586 784 The
616 747 766 784 learned
785 746 905 783 Davis
923 746 1029 782 reads
1047 745 1123 782 this
1155 750 1324 784 sentence
1354 745 1443 782 thus
1456 745 1596 783 :—Res
1610 758 1723 784 cunc-

253 818 310 850 tas
342 824 393 849 ex
424 812 587 849 lubidine
627 809 741 858 quam
772 822 823 847 ex
854 821 942 847 vero
973 809 1142 855 celebrat,
1177 808 1256 857 &c.,
1290 809 1464 859 omitting
1494 811 1558 847 the
1588 812 1721 860 magis,

251 878 375 914 which
393 877 425 913 is
443 877 521 914 also
541 876 637 925 good
657 876 777 912 Latin.
835 875 902 913 See
918 875 999 910 him
1017 879 1057 911 at
1076 873 1264 911 Minucius
1291 872 1408 920 Felix,
1429 886 1460 910 c.
1481 875 1516 920 5,
1536 876 1660 912 where
1675 876 1724 912 he

251 942 409 978 adduces
427 942 530 978 these
557 940 749 988 examples
776 938 817 976 of
830 940 893 976 the
920 938 1058 986 ellipsis
1085 938 1128 974 of
1140 938 1271 986 magis.
1330 937 1411 975 Liv.
1431 937 1494 975 lib.
1524 939 1585 983 23,
1606 951 1638 976 c.
1658 939 1720 985 43,

251 1008 431 1054 Ipsorum,
463 1004 578 1055 quam
606 1006 804 1044 Annibalis
831 1006 1015 1042 interesse.
1072 1003 1119 1041 A.
1142 1004 1237 1042 Gell.
1257 1004 1365 1041 Noct.
1386 1002 1501 1041 Attic.
1520 1004 1584 1042 lib.
1603 1007 1663 1052 11,
1686 1008 1719 1053 7,

250 1074 480 1111 Declinanda
525 1074 660 1111 sensim
706 1077 743 1110 et
781 1072 1022 1120 relinquenda
1050 1082 1127 1108 esse
1176 1070 1314 1117 dicunt,
1352 1068 1466 1118 quam
1503 1073 1719 1119 respuenda.

248 1138 430 1186 Sulpitius
463 1137 630 1184 Severus,
665 1137 783 1184 Epist.
807 1138 844 1181 3,
873 1148 909 1183 p.
931 1137 1018 1182 366,
1056 1135 1175 1183 Seque
1203 1135 1324 1172 adhuc
1355 1139 1449 1182 tuos,
1480 1134 1594 1184 quam
1621 1148 1721 1174 meos

247 1215 323 1240 esse
355 1203 613 1239 meminerunt.
684 1201 866 1239 Claudian
892 1201 932 1237 in
963 1200 1196 1247 Eutropium,
1226 1199 1289 1236 lib.
1332 1201 1390 1245 11,
1427 1201 1514 1247 204,
1559 1201 1718 1238 Conces-

247 1280 359 1317 soque
377 1269 481 1316 cupit
498 1268 641 1304 vixisse
659 1267 820 1313 colonus,
843 1263 956 1314 quam
975 1266 1146 1303 dominus
1164 1270 1281 1312 rapto.
1337 1265 1546 1312 Apuleius’s
1559 1265 1717 1315 Apolog.

243 1346 278 1381 p.
302 1336 389 1380 292,
421 1334 538 1382 quue
569 1331 592 1369 a
624 1345 683 1369 me
712 1337 921 1379 susceptum
948 1332 1057 1368 officii
1087 1328 1219 1379 gratia,
1249 1331 1364 1377 quam
1391 1330 1484 1366 lucri
1511 1328 1623 1368 causa
1654 1333 1718 1369 de-

243 1400 472 1437 monstratio.
533 1398 599 1436 See
628 1399 708 1434 him
740 1398 817 1434 also
836 1401 876 1433 at
894 1409 923 1433 c.
946 1398 1006 1442 34,
1028 1400 1114 1432 note
1134 1396 1168 1441 2,
1190 1396 1313 1431 where
1340 1396 1386 1431 he
1405 1396 1494 1432 cites
1521 1407 1718 1433 numerous

242 1466 433 1513 examples
450 1466 546 1502 from
567 1464 688 1502 Greek
708 1464 880 1506 authors3
910 1473 968 1498 see
996 1461 1072 1499 also
1093 1460 1277 1506 Sanctius,
1298 1461 1337 1496 in
1364 1461 1423 1497 his
1441 1460 1623 1508 Minerva,
1652 1461 1715 1498 lib.

241 1536 276 1572 4.
298 1545 327 1568 c.
353 1535 386 1577 7,
408 1532 491 1567 who
523 1531 629 1578 gives
661 1530 725 1566 the
752 1528 944 1576 following
971 1527 1183 1575 quotations
1199 1525 1388 1562 :—Plaut.
1421 1526 1550 1563 Tacita
1575 1539 1718 1575 semper

242 1599 337 1633 bona
366 1601 421 1633 est
452 1595 593 1639 mulier,
627 1592 742 1641 quam
778 1593 939 1641 loquens,
981 1592 1019 1628 id
1048 1595 1113 1637 est,
1147 1590 1268 1638 magis
1298 1590 1403 1627 bona.
1476 1591 1556 1627 Liv.
1587 1593 1621 1638 3,
1652 1593 1714 1638 40,

240 1661 387 1700 Claudii
417 1661 533 1697 oratio
562 1660 634 1695 fuit
653 1659 832 1705 precibus,
868 1654 981 1704 quam
996 1656 1120 1704 jurgio
1154 1653 1295 1691 similis,
1354 1653 1444 1691 This
1470 1654 1543 1692 last
1559 1655 1591 1692 is
1619 1656 1716 1692 from

241 1726 432 1772 Scioppius
462 1736 509 1761 on
542 1724 724 1768 Sanctius,
757 1723 860 1769 Saepe
892 1722 1031 1760 Graecis
1063 1722 1163 1758 deest
1181 1720 1344 1768 μᾶλλον,
1367 1721 1392 1756 i.
1410 1733 1439 1756 e.
1456 1721 1597 1768 magis3
1619 1723 1715 1758 unde

237 1791 310 1836 ille,
332 1791 480 1827 Bonum
499 1795 554 1826 est
582 1789 760 1825 confidere
779 1788 817 1824 in
836 1787 994 1832 domino,
1016 1783 1130 1833 quam
1148 1787 1187 1822 in
1206 1786 1441 1833 principibus.
1500 1785 1658 1831 Tacitus,
1676 1788 1711 1832 4,

237 1857 385 1901 AnnaL,
408 1856 578 1904 Agrippa
605 1855 713 1891 claris
740 1854 952 1901 majoribus,
982 1851 1096 1900 quam
1124 1853 1336 1890 virtutibus.
1395 1852 1509 1888 Idem.
1537 1854 1570 1897 1,
1597 1852 1710 1899 Ann.,

236 1922 286 1958 Et
305 1932 445 1968 pacem,
466 1919 581 1966 quam
601 1918 739 1955 bellum
755 1919 966 1965 probabam.
1008 1917 1130 1954 Plaut.
1158 1917 1364 1955 Menechm.
1387 1917 1436 1955 Si.
1458 1916 1590 1953 Nimis.
1612 1917 1713 1961 Quin

235 1988 349 2022 vidua
378 1986 516 2030 vivam,
547 1983 662 2031 quam
693 1989 777 2020 tuos
807 1994 926 2019 mores
952 1982 1142 2029 perferam.
1214 1982 1317 2019 Thus
1343 1983 1399 2018 far
1427 1982 1609 2020 Sanctius.
1667 1982 1713 2018 In

235 2052 309 2087 this
328 2049 401 2085 last
420 2054 590 2085 sentence
607 2048 704 2083 from
725 2047 892 2090 Plautus,
915 2046 945 2081 it
964 2046 994 2082 is
1007 2046 1137 2092 potius
1166 2047 1290 2083 rather
1308 2047 1400 2083 than
1428 2046 1558 2093 magis,
1579 2047 1662 2082 that
1680 2047 1711 2082 is

232 2115 476 2159 understood3
507 2114 582 2150 and
615 2125 656 2149 so
685 2113 724 2148 in
756 2113 820 2148 the
850 2116 1019 2148 sentence
1055 2111 1148 2147 from
1181 2110 1228 2147 A.
1251 2111 1343 2157 Gen,
1373 2111 1470 2147 cited
1500 2111 1552 2159 by
1579 2110 1709 2157 Davis,

236 2181 465 2217 Declinanda
502 2179 648 2223 sensim,
702 2175 818 2224 quam
857 2177 1070 2223 respuenda.
1146 2175 1214 2213 See
1242 2175 1455 2212 Perizonius
1494 2186 1542 2212 on
1582 2175 1707 2213 Sanct.

231 2246 389 2283 Minerv.
411 2245 475 2280 lib.
498 2246 533 2289 4,
557 2256 588 2280 c.
612 2246 648 2287 7,
671 2248 711 2279 at
729 2243 793 2278 the
812 2241 949 2288 ellipsis
967 2241 1007 2276 of
1023 2240 1142 2277 Prius.
1194 2240 1261 2278 See
1278 2239 1356 2277 also
1375 2241 1439 2276 the
1453 2251 1545 2287 very
1562 2239 1709 2276 learned

232 2311 378 2358 Lipsius
397 2321 444 2346 on
464 2309 626 2353 Tacitus,
649 2307 712 2344 lib.
736 2308 770 2352 3,
794 2306 907 2351 Hist„
927 2311 993 2342 not
1019 2305 1077 2341 far
1093 2306 1189 2342 from
1207 2306 1271 2342 the
1297 2306 1509 2354 beginning,
1539 2306 1624 2341 who
1641 2306 1709 2342 has

229 2377 413 2425 produced
432 2377 495 2412 the
515 2387 615 2412 same
645 2379 834 2410 sentences
854 2384 894 2408 or
922 2372 1116 2419 examples
1148 2372 1243 2408 from
1262 2372 1412 2408 Tacitus
1438 2373 1513 2408 and
1540 2371 1706 2418 Plautus,

228 2446 312 2481 that
335 2445 353 2480 I
372 2444 469 2480 have
489 2442 656 2480 adduced
673 2441 759 2477 here
775 2440 873 2476 from
893 2438 1075 2484 Sanctius,
1097 2440 1172 2475 and
1189 2439 1292 2475 these
1310 2438 1516 2486 following:
1539 2439 1705 2485 Plautus,

230 2512 384 2549 Certum
412 2514 468 2546 est
495 2508 632 2553 moriri,
663 2504 776 2555 quam
795 2506 896 2541 hunc
914 2505 995 2552 pati
1014 2505 1184 2542 lenonem
1202 2505 1241 2541 in
1260 2517 1320 2542 me
1337 2505 1510 2553 grassari.
1566 2505 1704 2550 Livius,

227 2576 433 2622 Multiplex
451 2575 567 2622 quam
589 2585 654 2621 pro
682 2583 836 2609 numero
856 2572 1036 2607 damnum
1056 2575 1123 2608 est.
1181 2571 1366 2617 Laberius,
1389 2571 1576 2609 Consistae
1593 2567 1704 2617 aegre,

226 2647 263 2677 et
282 2638 395 2688 quam
414 2640 622 2683 descendas,
646 2638 798 2674 decides.
857 2636 1019 2681 Curtius,
1050 2636 1111 2672 lib.
1135 2637 1169 2681 8,
1200 2636 1278 2673 Nec
1305 2647 1365 2672 me
1392 2647 1452 2672 ars
1478 2646 1570 2681 mea,
1591 2631 1706 2682 quam

226 2707 480 2746 benevolentia
508 2705 711 2752 perturbat.
770 2703 835 2740 See
864 2703 941 2739 also
970 2702 1001 2738 T
1001 2703 1141 2749 yrwhit
1168 2714 1216 2738 on
1235 2701 1422 2739 Aristotel.
1445 2700 1580 2738 Poetic.
1637 2700 1704 2738 See

225 2773 351 2809 Mair's
371 2770 502 2807 second
522 2775 606 2805 note
626 2780 673 2805 on
692 2768 754 2804 the
774 2771 869 2803 next
887 2767 1150 2813 chapter.-C.
