1889 3191
490 241 769 282 SALLUSTII
795 243 821 279 J
824 241 1116 280 UGURTHIN
1120 243 1213 280 ΠΜ.
1523 245 1545 280 2
1551 246 1571 280 ὁ
1577 247 1599 279 3

103 361 306 424 negotia¹
329 360 571 416 venimus3
597 376 694 406 non
716 359 964 422 indignum
987 359 1174 406 videtur
1198 359 1441 422 egregium
1460 367 1599 422 atque

102 445 312 492 mirabile
355 444 536 491 facinus
571 444 772 491 duorum
809 444 1274 508 Carthaginiensium
1308 460 1595 491 memorare:

103 548 205 579 eam
227 547 326 578 rem
359 530 490 578 locus
525 530 785 578 admonuit.
858 531 964 586 Qua
999 538 1280 594 tempestate
1305 530 1600 593 Carthagini-

102 637 236 669 enses
259 620 496 684 pleraeque
519 620 695 667 Africae
718 619 1068 683 imperitabant,
1098 618 1394 681 Cyrenenses
1419 633 1602 681 quoque

99 706 263 770 magni
285 712 425 770 atque
449 706 661 770 opulenti
698 705 846 753 fuere.
920 705 1049 768 Ager
1082 705 1133 751 in
1165 703 1320 751 medio
1358 719 1598 758 arenosus,

102 793 195 839 una
219 793 400 856 specie:
439 809 591 857 neque
626 792 818 847 fiumen,
858 808 1009 855 neque
1045 807 1184 837 mons
1221 798 1335 846 erat,
1377 790 1458 854 qui
1495 790 1603 836 finis

102 895 258 926 eorem
283 879 568 926 discerneret
591 898 602 933 ;
634 895 740 941 quae
768 893 843 924 res
867 893 948 924 eos
970 877 1021 923 in
1043 893 1216 939 magno
1233 876 1458 923 diuturno
1480 875 1603 922 bello

102 963 224 1010 inter
271 978 320 1009 se
365 962 549 1009 habuit.
635 962 895 1025 Postquam
937 961 1174 1024 utrImque
1219 959 1441 1023 legiones,
1488 959 1603 1006 item

156 1134 345 1171 LXXIX.
377 1130 388 1155 ¹
410 1132 709 1179 Leptitanorum
749 1133 912 1180 neqotia‚
955 1132 1043 1183 δια]
1075 1133 1186 1169 Pet-er
1222 1132 1448 1176 Victor-ioris,
1478 1131 1517 1166 in
1549 1132 1606 1167 his

103 1198 195 1235 Var.
216 1197 318 1236 Leet.
341 1197 405 1234 lib.
429 1198 489 1242 10,
510 1208 540 1233 c.
564 1197 626 1241 23,
648 1207 748 1244 sayS,
771 1196 978 1244 Scriptores
1005 1197 1121 1233 etiam
1149 1207 1288 1244 graves
1317 1196 1520 1242 aliquando
1547 1207 1606 1231 re-

103 1263 182 1308 bus,
204 1273 298 1310 quas
317 1260 561 1308 exponendas
580 1265 832 1307 susceperunt,
855 1261 1065 1297 admiscent
1082 1257 1197 1308 longe
1219 1259 1472 1306 discrepantes
1492 1271 1606 1306 quas-

100 1326 200 1371 dam,
222 1329 260 1361 et
279 1337 364 1372 quae
381 1335 517 1371 parum
536 1323 680 1360 faciunt
700 1324 749 1360 ad
768 1335 821 1369 ea,
844 1336 928 1372 quae
946 1324 987 1361 in
1005 1324 1182 1360 manibus
1209 1323 1352 1360 habent
1369 1322 1605 1359 illustranda.

101 1390 132 1426 si
150 1390 247 1426 forte
262 1388 414 1425 laudem
434 1387 600 1435 aliquam
619 1388 706 1424 inde
724 1388 797 1434 ipsi
824 1389 1049 1435 aucupaturi
1077 1392 1176 1434 sunt,
1198 1388 1278 1424 sive
1297 1388 1411 1423 etiam
1431 1384 1605 1423 accurate

102 1453 213 1490 rebus
231 1452 306 1489 illis
325 1450 348 1488 ὲ
363 1463 401 1488 se
415 1451 699 1497 animadversis,
716 1448 954 1500 egregieque,
978 1453 1077 1500 quod
1096 1452 1204 1499 quasi
1219 1451 1259 1487 in
1278 1463 1316 1487 re
1332 1451 1508 1498 praesenti
1526 1450 1607 1486 fue-

102 1516 189 1563 rint,
211 1516 386 1564 cognitiS‚
409 1515 590 1562 coeperint
618 1513 774 1551 scientia
801 1515 868 1551 ina
896 1515 1097 1561 delectari3
1127 1519 1218 1551 tunc
1248 1515 1347 1551 enim
1377 1515 1608 1550 occasionem

101 1580 214 1626 nacti,
236 1591 280 1617 ea
298 1583 593 1616 commemorant
610 1579 844 1627 libenterque
862 1585 1072 1626 exponunt.
1131 1579 1150 1615 Ι
1170 1584 1282 1624 must,
1303 1579 1361 1614 for
1379 1579 1444 1615 the
1463 1579 1553 1614 sake
1572 1579 1615 1613 of

102 1644 263 1692 brevity,
285 1643 380 1680 omit
397 1644 504 1680 what
521 1643 569 1679 he
589 1654 678 1691 says
697 1643 739 1679 of
755 1643 896 1681 Cicero.
954 1643 1016 1679 He
1044 1643 1148 1688 adds,
1172 1643 1266 1686 Quae
1285 1643 1400 1678 etiam
1420 1653 1443 1678 a
1463 1641 1608 1679 Sallus-

103 1708 156 1744 tio
174 1708 215 1744 in
232 1707 316 1744 libr.
339 1708 385 1744 de
402 1707 494 1755 Jug.
516 1706 613 1743 bello
631 1707 836 1743 traduntur
855 1708 900 1743 de
916 1707 1162 1743 Philenorum
1183 1707 1268 1752 aris,
1283 1706 1388 1742 nullo
1408 1706 1518 1741 modo
1533 1704 1609 1740 illic

101 1771 310 1808 necessaria
328 1775 618 1818 cognoscuntur.
677 1770 752 1808 Sed
781 1769 825 1806 ea
855 1771 901 1806 de
934 1769 1048 1807 causa
1075 1775 1155 1806 tam
1189 1775 1343 1806 vetusta
1370 1781 1438 1814 res,
1460 1775 1497 1805 et
1526 1780 1610 1816 quae

100 1835 238 1872 fabulae
256 1834 556 1871 simulitudinem
573 1834 750 1879 habebat,
786 1834 972 1881 exposita,
995 1835 1085 1882 quia
1113 1833 1203 1871 cum
1233 1830 1277 1870 eo
1308 1838 1420 1870 antea
1447 1833 1536 1879 ipse,
1568 1838 1609 1867 ut

101 1899 234 1948 inquit,
257 1910 322 1946 per
342 1898 640 1946 Leptitarorum
660 1899 815 1945 neyotia
835 1899 1011 1943 venisset,
1031 1910 1073 1934 ac
1092 1899 1218 1934 locum
1238 1899 1364 1944 ipsum
1385 1902 1607 1944 spectasset,

102 1963 141 1999 in
160 1974 235 2011 quo
253 1974 441 2010 magnum
458 1961 563 2007 illud,
585 1973 629 1998 ac
647 1962 891 1998 memorabile
908 1963 1055 1999 facinus
1073 1963 1216 1998 factum
1236 1962 1378 1998 fuisset.
1401 1960 1558 1996 firmiter
1572 1960 1610 1995 id

102 2028 228 2063 animo
245 2026 365 2074 ipsius
383 2026 554 2072 haeserat,
577 2029 692 2074 atque
709 2025 793 2062 ideo
812 2026 928 2062 etiam
947 2025 1031 2062 aliis
1049 2030 1184 2062 notum
1204 2037 1283 2062 esse
1295 2025 1429 2060 voluit.
1473 2023 1493 2059 I
1513 2023 1611 2059 shall

102 2098 170 2131 not
186 2094 396 2131 transcribe
414 2094 481 2130 the
498 2097 586 2131 raet.
644 2092 735 2138 But,
757 2097 857 2130 most
875 2093 1028 2130 learned
1047 2093 1250 2139 Victorius,
1275 2092 1419 2130 Sallust-
1438 2092 1525 2128 does
1545 2095 1613 2127 not

103 2171 173 2208 say
191 2160 277 2197 that
295 2160 343 2196 he
362 2171 442 2197 saw
459 2160 525 2196 the
552 2158 670 2195 altars
689 2159 731 2195 of
745 2159 810 2196 the
830 2159 1003 2195 Philaeni.
1063 2159 1133 2196 See
1152 2158 1311 2195 Vossius
1339 2158 1385 2194 de
1402 2157 1496 2193 Arte
1517 2156 1610 2193 His-

103 2224 231 2271 torica,
252 2225 310 2261 ch.
335 2225 396 2270 11,
417 2224 458 2260 in
475 2224 560 2269 fine,
582 2224 669 2260 who
699 2235 800 2272 says,
839 2223 912 2261 Sed
944 2224 1110 2270 profecto
1137 2234 1310 2259 summus
1338 2221 1399 2258 vir
1421 2218 1608 2272 (Victor.)

98 2288 241 2335 judicio
260 2299 356 2335 meo,
386 2299 463 2326 non
491 2287 706 2335 assequitur
732 2292 900 2324 mentem
921 2286 1104 2324 Sallustii.
1162 2286 1294 2333 Neque
1322 2285 1423 2322 enim
1451 2285 1552 2330 dicit,
1574 2296 1612 2320 se

105 2353 364 2391 Philaenorum
400 2365 485 2390 aras
520 2354 682 2399 vidisse3
713 2354 778 2390 sed
808 2354 871 2399 ait,
907 2365 955 2399 se,
989 2353 1078 2400 quia
1107 2353 1152 2388 de
1180 2353 1327 2389 duabus
1356 2351 1544 2400 Syrtibus,
1575 2356 1616 2386 et

105 2419 225 2467 Lepti,
246 2421 403 2468 ejusque
422 2419 590 2456 civitatis
607 2419 770 2467 negotiis
798 2419 927 2466 egerit,
959 2414 1003 2454 eo
1033 2417 1226 2454 occasione
1254 2418 1325 2453 hac
1352 2416 1451 2453 velle
1469 2416 1614 2464 aliquid

104 2485 242 2522 addere
260 2485 305 2520 de
322 2485 487 2520 fratrum
506 2483 765 2520 Philaenorum
794 2483 879 2519 aris.
939 2483 1064 2519 Immo
1091 2495 1139 2519 ne
1157 2483 1229 2519 hoc
1248 2483 1402 2530 quidem
1421 2482 1514 2518 satis
1533 2493 1613 2518 eer-

103 2554 189 2586 tum
206 2550 368 2594 videtur,
391 2560 441 2585 an
459 2560 503 2585 ea
521 2548 604 2584 loca
623 2560 792 2595 unquam
813 2548 904 2586 Sall.
926 2548 1099 2585 lustrarit
1115 2562 1123 2585 :
1154 2549 1224 2585 etsi
1242 2549 1346 2584 haud
1364 2549 1542 2594 nesciam,
1564 2548 1613 2585 ab

103 2613 129 2649 J
131 2613 209 2650 ulio
228 2613 376 2651 Caesare
394 2612 587 2649 Numidiae
600 2612 716 2649 fuisse
730 2613 962 2660 praefectum,
979 2624 1138 2660 eamque
1157 2612 1347 2659 expilasse
1366 2612 1611 2659 provinciam,

104 2679 170 2716 &a
229 2679 317 2716 And
338 2679 444 2715 what
476 2679 660 2726 surprises
690 2690 761 2725 me,
783 2679 826 2726 is,
847 2679 934 2715 that
954 2678 1132 2727 Scaliger,
1154 2679 1241 2716 that
1265 2680 1394 2726 prinee
1420 2679 1462 2715 of
1476 2678 1617 2722 critica,

104 2756 223 2782 seems
241 2749 282 2783 to
301 2755 412 2794 agree
429 2744 525 2781 with
543 2743 746 2782 Victorius.
808 2743 878 2782 See
895 2744 955 2782 his
973 2743 1090 2791 work,
1112 2744 1158 2782 de
1177 2755 1217 2784 re
1236 2744 1343 2788 Ροθίῑἶ
1362 2744 1427 2785 lib,
1445 2746 1481 2791 4,
1498 2756 1529 2782 c.
1548 2745 1613 2782 24.

1382 2888 1413 2918 Z
