1889 3223
494 601 636 649 CAII
674 601 895 648 CRISPI
934 598 1284 646 SALLUSTII

245 775 654 838 BELLUM
726 772 1548 848 CATILINARIUM3

855 933 951 959 sua,

385 1040 473 1084 DE
511 1039 1030 1085 CONJURATIONE
1066 1040 1418 1092 CATILINAE,

674 1181 878 1217 EJUSQUE
902 1182 1140 1212 SOCIORUM.

800 1335 1004 1359 7—0—

218 1489 260 1536 1.
287 1486 495 1537 ΟΜΝῙΞ1
520 1484 750 1541 homineS,
775 1485 856 1548 qui
881 1501 982 1532 sese
1008 1484 1201 1533 student
1224 1492 1451 1549 praestare
1475 1489 1658 1536 caeteris

150 1575 450 1631 animalibus,
474 1589 660 1620 summa
675 1588 762 1636 ope
777 1571 867 1619 niti
891 1572 1039 1628 decet,
1060 1573 1208 1620 vitam
1225 1574 1411 1622 silentio
1434 1592 1493 1624 ne
1509 1583 1661 1624 trans-

205 1707 217 1727 ¹
250 1708 385 1746 Omnis
414 1707 594 1752 homines,
627 1705 694 1754 qui
722 1717 801 1741 sese
833 1706 990 1741 student
1008 1711 1210 1754 praestare,
1233 1705 1325 1756 ξω]
1397 1707 1471 1752 Qui
1499 1721 1538 1744 se
1575 1709 1659 1745 lau-

150 1771 234 1809 dari
261 1771 431 1819 gaudent
449 1769 575 1806 verbis
604 1768 1042 1806 subdolis—Phoedrus.
1101 1770 1241 1808 Omnia
1268 1771 1368 1807 enim
1400 1772 1597 1810 benefacta
1621 1774 1660 1810 in

152 1837 235 1874 luce
254 1847 294 1871 se
313 1834 488 1871 collocari
506 1833 711 1870 volunt.—
719 1833 799 1870 Cic.
828 1834 981 1871 Tuscul.
1001 1835 1066 1872 lib.
1088 1836 1124 1872 ii.
1148 1836 1222 1880 Qui
1241 1849 1281 1872 se
1309 1849 1361 1874 ex
1379 1838 1438 1874 his
1466 1839 1593 1876 minus
1611 1841 1661 1876 ti-

153 1902 275 1939 midos
293 1900 507 1938 existimari
530 1899 721 1946 volebant,
756 1911 833 1936 non
866 1911 905 1937 se
932 1901 1081 1938 hostem
1109 1903 1239 1949 vereri,
1275 1903 1349 1949 sed,
1385 1903 1659 1942 &e—Caesar.

153 1967 200 2005 B.
233 1967 282 2005 G.
310 1966 376 2003 lib.
405 1967 431 2003 i.
461 1978 492 2003 c.
524 1967 597 2012 393
642 1966 751 2014 Virg.
787 1966 867 2002 Ecl.
898 1966 921 2003 i.
952 1979 990 2003 v.
1021 1968 1085 2013 41,
1115 1967 1249 2016 Neque
1283 1969 1436 2006 servitio
1469 1983 1526 2005 me
1557 1970 1662 2006 exire

152 2032 301 2069 licebat.
352 2031 403 2067 Et
422 2030 504 2067 Eel.
533 2030 585 2067 iii.
605 2042 644 2067 v.
665 2031 729 2077 65,
761 2030 813 2067 Et
839 2031 941 2079 fugit
961 2032 1010 2067 ad
1038 2032 1179 2078 salices,
1210 2037 1248 2069 et
1275 2045 1315 2068 se
1345 2034 1449 2081 cupit
1477 2031 1567 2071 ante
1601 2034 1662 2070 vi-

154 2097 244 2136 deri.
306 2097 375 2135 See
402 2097 496 2134 Port
524 2096 650 2145 Royal
675 2096 759 2133 Lat.
783 2096 912 2135 Gram.
933 2109 969 2144 p.
992 2099 1082 2134 282.
1140 2098 1346 2146 Scioppius,
1376 2100 1415 2136 in
1443 2100 1508 2136 the
1534 2100 1664 2136 fourth

153 2163 255 2200 book
282 2162 324 2199 of
337 2163 397 2199 his
427 2162 597 2210 Suspect.
629 2163 794 2200 Lection.
815 2162 938 2210 Epist.
963 2165 1023 2210 19,
1044 2165 1115 2201 has
1143 2164 1321 2202 collected
1349 2177 1372 2202 a
1398 2170 1487 2202 vast
1504 2167 1664 2204 number

151 2228 197 2265 of
210 2227 354 2264 similar
384 2227 632 2275 expressions,
666 2227 708 2264 in
725 2228 852 2265 which
883 2229 932 2266 he
959 2240 1058 2278 says,
1087 2230 1270 2278 absurdly
1287 2232 1449 2279 enough,
1480 2232 1567 2268 that
1598 2233 1664 2269 the

154 2294 371 2331 accusative
397 2294 431 2330 is
457 2298 528 2341 put
545 2293 603 2330 for
630 2294 696 2330 the
713 2294 957 2341 nominative,
985 2306 1027 2331 as
1054 2295 1094 2331 in
1112 2296 1190 2332 this
1217 2296 1301 2333 first
1319 2301 1491 2334 sentence
1518 2298 1562 2335 of
1577 2297 1663 2336 Sal-

156 2359 246 2396 lust.
318 2359 445 2396 Plaut.
475 2359 628 2397 Asinar,
657 2371 707 2397 sc.
741 2361 774 2406 1,
808 2359 937 2408 Atque
965 2372 1038 2409 ego
1067 2362 1107 2398 id
1142 2362 1262 2398 facere
1292 2375 1351 2398 me
1383 2364 1526 2400 studeo.
1601 2364 1661 2400 ΙΙ).

159 2425 261 2469 Quid
290 2424 384 2462 velis
413 2427 536 2473 modo,
566 2426 606 2463 id
636 2426 754 2463 velim
789 2438 847 2463 me
878 2426 980 2474 seire,
1011 2427 1078 2464 ὅτε.
1140 2427 1198 2466 Sc.
1222 2430 1257 2471 3,
1279 2428 1377 2465 Vult
1405 2429 1553 2476 placere
1584 2443 1664 2467 sese

159 2491 299 2528 amicae.
359 2490 475 2538 Idem,
497 2491 638 2528 Aulul:
669 2492 753 2540 Ego
785 2504 918 2529 vocem
946 2494 1010 2530 hic
1040 2495 1152 2531 modo
1190 2507 1247 2530 me
1279 2495 1409 2532 audire
1430 2496 1537 2532 visus
1566 2507 1663 2533 sum.

159 2554 249 2591 And
267 2555 462 2592 Menaech:
495 2555 605 2600 Quod
636 2556 716 2593 filia
748 2557 802 2593 sic
828 2554 983 2604 repente
1013 2559 1171 2604 expetit,
1202 2559 1251 2594 ad
1279 2570 1367 2605 sese,
1401 2571 1460 2594 me
1487 2564 1532 2597 ut
1558 2561 1663 2598 irem.

159 2617 323 2664 Mostell,
353 2629 403 2655 sc.
448 2619 513 2656 vii.
557 2631 596 2656 v.
639 2620 701 2666 99,
733 2619 836 2657 mad
868 2620 955 2657 volo
987 2621 1083 2657 mihi
1112 2622 1196 2669 dici,
1228 2623 1269 2659 id
1300 2623 1393 2660 scire
1422 2636 1480 2659 me
1512 2630 1663 2672 expeto.

160 2682 286 2720 Milite
305 2683 454 2731 glorios.
523 2683 627 2721 Nam
646 2696 740 2733 quos
758 2685 886 2722 videre
905 2687 1137 2733 exoptabam
1165 2699 1224 2725 me
1251 2685 1437 2725 maxime.
1496 2689 1664 2736 Trinum,

162 2761 211 2786 sc.
242 2749 293 2786 iv.
328 2762 366 2786 v.
395 2750 458 2795 43,
490 2749 566 2787 Res
593 2751 769 2799 quaedam
797 2755 864 2797 est,
887 2763 1003 2799 quam
1032 2764 1102 2800 ego
1134 2753 1222 2790 volo
1248 2767 1306 2790 me
1335 2755 1403 2792 abs
1430 2759 1468 2792 te
1497 2767 1666 2793 exorare.

162 2812 306 2861 Epidio,
341 2818 401 2851 act
430 2814 454 2853 i,
490 2825 539 2851 sc.
577 2815 612 2861 2,
637 2814 801 2863 Operam
822 2815 970 2863 Epidici
996 2828 1098 2854 nunc
1125 2829 1183 2853 me
1208 2829 1330 2856 emere
1358 2819 1478 2867 pretio
1507 2819 1669 2867 pretioso

1437 2900 1469 2929 B
