1889 3191
235 253 253 287 1
259 251 280 287 9
287 251 309 286 6
616 249 892 289 SALLUSTII
919 249 945 287 J
947 248 1331 289 UGURTHINUM.

234 373 369 424 taret,
396 367 559 431 paucis
583 367 747 416 diebus
769 368 820 415 in
842 368 1054 416 Africam
1070 366 1406 430 proficiscitur:
1434 381 1543 411 nam
1568 365 1721 412 omnis

235 453 479 510 exercitus,
505 454 576 501 uti
601 460 892 509 convenerat,
920 452 1149 500 Numidia
1184 451 1427 506 deductus,
1453 450 1504 497 in
1537 451 1723 513 provin-

236 539 307 587 cia
328 539 579 586 hiemabat.
650 539 908 602 Postquam
932 537 985 584 eo
1007 537 1136 584 venit
1160 556 1171 590 ;
1203 538 1484 598 quamquam
1505 535 1723 598 persequi

237 627 268 674 J
271 626 525 689 ugurtham
549 630 595 672 et
618 624 796 671 mederi
828 624 1048 671 fraternae
1081 621 1271 669 invidiae
1295 621 1477 668 animus
1500 621 1722 677 ardebat3

238 711 438 775 cognitis
472 709 717 765 militibus,
755 725 871 771 quos
905 714 1077 771 praeter
1110 707 1285 769 fugam,
1325 706 1477 752 soluto
1509 706 1721 770 imperio,

234 796 424 844 licentia
447 801 586 857 atque
619 794 810 841 lascivia
843 800 1128 855 corruperat,
1167 809 1225 840 ex
1257 792 1390 856 copia
1422 791 1597 839 rerum3
1633 798 1724 839 sta-

239 882 333 929 tuit
356 881 476 928 nihil
500 881 588 927 sibi
611 879 902 943 agitandum.

304 967 408 1014 XL.
445 967 632 1014 Interea
656 966 822 1014 Romae
846 965 901 1013 C.
923 965 1168 1012 Mamilius
1203 964 1477 1012 Limetanus
1510 962 1728 1011 tribunus

236 1053 386 1116 plebis
409 1052 702 1116 rogationem
737 1051 796 1098 ad
819 1052 1048 1115 populum
1082 1050 1362 1113 promulgat,
1393 1055 1426 1077 “
1442 1050 1513 1096 uti
1551 1065 1728 1112 quaere-

237 1145 367 1187 retur
388 1140 437 1186 in
462 1155 554 1195 eos,
583 1155 781 1202 quorum
805 1138 998 1185 consilio
1019 1138 1049 1185 J
1053 1137 1259 1200 ugurtha
1276 1135 1425 1183 senati
1444 1135 1628 1183 decreta
1645 1151 1727 1182 ne-

239 1224 492 1288 glegisset3
531 1225 700 1288 quique
724 1224 782 1271 ab
807 1240 860 1271 eo
884 1224 934 1271 in
956 1223 1285 1287 legationibus,
1313 1228 1393 1269 aut
1416 1221 1625 1285 imperiis
1647 1237 1727 1284 pe-

239 1311 400 1358 cunias
447 1310 771 1374 accepissent3
832 1310 912 1372 qui
952 1309 1241 1373 elephantos,
1291 1308 1462 1372 quique
1505 1307 1726 1370 perfugas

240 1395 576 1450 tradidissent3
613 1395 728 1441 item
752 1395 831 1457 qui
855 1394 912 1442 de
948 1410 1060 1457 pace
1097 1400 1178 1440 aut
1212 1393 1333 1440 bello
1373 1409 1480 1439 cum
1509 1391 1727 1439 hostibus

239 1483 478 1547 pactiones
502 1482 775 1530 fecissent.’'
825 1482 953 1529 Huic
977 1481 1207 1546 rogationi
1228 1482 1398 1545 partim
1424 1480 1597 1529 conscii
1621 1480 1722 1536 sibi,

238 1570 316 1619 alii
363 1588 419 1619 ex
462 1571 668 1635 partium
712 1571 888 1619 invidia
931 1571 1138 1635 pericula
1181 1575 1458 1627 metuenteS,
1505 1570 1726 1635 quoniam

238 1658 400 1722 aperte
423 1657 641 1705 resistere
663 1674 759 1705 non
781 1664 1017 1722 poterant,
1043 1659 1155 1723 quin
1190 1658 1270 1706 illa
1293 1664 1339 1706 et
1373 1658 1462 1706 alia
1484 1657 1597 1705 talia
1629 1657 1729 1722 pla-

239 1760 340 1792 cere
366 1744 455 1792 sibi
477 1744 751 1801 faterentur,
780 1745 957 1792 occulte
991 1761 1075 1808 per
1099 1745 1289 1801 amicos,
1316 1761 1369 1792 ac
1403 1746 1623 1792 maxume
1640 1738 1729 1808 'per

237 1830 453 1878 homines
486 1830 690 1877 nominis
714 1831 873 1878 Latini
907 1837 953 1878 et
990 1832 1140 1879 socios
1169 1831 1358 1878 Italicos
1392 1830 1730 1895 impedimenta

235 1917 480 1981 parabant.
552 1917 644 1964 Sed
665 1917 839 1980 plebes,
866 1917 1137 1965 incredibile
1171 1923 1435 1965 memoratu
1470 1923 1555 1974 est,
1584 1919 1726 1981 quam

240 2005 425 2052 intenta
446 2003 603 2061 fuerit,
631 2007 894 2068 quantaque
928 2004 976 2050 vi
1009 2005 1298 2068 rogationem
1326 2003 1535 2068 jusserit,
1574 2003 1727 2050 decre-

238 2091 370 2146 verit,
398 2089 628 2146 voluerit;
664 2090 813 2154 magis
838 2090 944 2137 odio
978 2090 1250 2146 nobilitatis,
1279 2089 1353 2137 cui
1386 2089 1510 2136 mala
1532 2087 1613 2135 illa
1644 2105 1728 2152 pa-

242 2177 479 2234 rabantur,
507 2177 646 2240 quam
669 2176 780 2223 cura
813 2176 1080 2240 reipublicae
1102 2198 1113 2232 ;
1150 2182 1284 2224 tanta
1318 2175 1478 2223 lubido
1502 2175 1553 2222 in
1585 2175 1729 2238 parti-

243 2265 330 2311 bus
366 2270 479 2311 erat.
553 2262 705 2326 Igitur
739 2263 920 2310 caeteris
955 2269 1083 2310 metu
1118 2261 1357 2326 perculsis,
1398 2261 1472 2308 M.
1510 2261 1725 2317 Scaurus,

244 2366 382 2412 quem
404 2349 613 2412 legatum
638 2348 813 2396 Bestiae
836 2348 980 2395 fuisse
1005 2349 1144 2411 supra
1167 2348 1424 2403 docuimus,
1455 2348 1578 2394 inter
1613 2347 1732 2395 laeti-

243 2431 358 2478 tiam
382 2432 547 2495 plebis,
574 2439 620 2479 et
655 2448 846 2478 suorum
880 2432 1054 2494 fugam,
1093 2430 1276 2494 trepida
1311 2431 1452 2478 etiam
1486 2438 1589 2478 tum
1623 2431 1732 2479 civi-

244 2523 354 2574 tate,
383 2517 490 2565 cum
515 2533 571 2566 ex
593 2517 808 2566 Mamilia
831 2517 1071 2580 rogatione
1095 2524 1190 2566 tres
1221 2517 1494 2582 quaesitores
1517 2533 1732 2581 rogaren-

335 2717 402 2754 Ετ
423 2720 532 2768 σορίἅ
551 2719 712 2771 rerum]
745 2721 818 2759 Pro
845 2721 1055 2759 conditione
1085 2732 1221 2768 rerum,
1242 2733 1328 2759 cum
1359 2721 1440 2759 haec
1468 2731 1592 2758 rerum
1618 2719 1730 2759 facies

247 2783 463 2820 esset—M.
