1889 3191
586 214 864 255 SALLUSTII
893 214 1209 253 JUGURTHIN
1219 214 1309 251 UM.
1620 216 1695 249 317

184 341 395 383 nostram
435 333 711 381 memoriam
753 333 972 388 Romani,
1008 332 1075 378 sic
1107 331 1314 378 habuere
1337 331 1370 377 :³
1407 332 1497 378 alia
1535 331 1692 378 omnia

183 421 347 469 virtuti
370 437 470 469 suae
492 435 642 484 prona
664 435 764 467 esse
784 439 795 475 ;
834 435 940 466 cum
969 417 1119 465 Gallis
1142 433 1229 480 pro
1266 417 1452 472 salute,⁴
1475 434 1569 464 non
1607 435 1689 480 pro

182 630 249 674 set,
271 631 316 664 ut
332 627 395 665 vel
417 627 524 675 Itali,
554 627 618 666 vel
639 627 806 664 Romani
834 625 1103 674 significentur,
1128 628 1307 661 neutrum
1335 621 1414 660 fieri
1442 625 1575 669 potest.
1637 621 1690 656 Ut

181 692 430 729 concedamus
448 693 548 728 enim
578 689 826 740 grammatice
844 701 910 737 per
939 690 1093 738 synesin
1125 689 1235 725 licere
1254 688 1315 724 illi
1335 688 1384 723 ad.
1406 685 1534 722 Italia:
1552 697 1689 722 nomen

180 757 325 805 referre,
346 770 566 806 quanquam
584 759 624 794 id
642 759 679 794 h.
700 758 723 794 1.
746 757 838 794 satis
857 757 994 792 durum
1013 760 1080 802 est,
1095 754 1281 792 sententia
1295 764 1447 801 prorsus
1466 752 1587 789 aliena
1602 763 1689 798 pro-

182 824 249 861 dit.
306 824 409 862 Nam
427 825 529 873 quid,
551 835 688 872 quaeso,
706 823 903 868 attinebat,
922 822 1046 859 Italos
1062 822 1246 858 Romanis
1265 821 1463 868 subjectos,
1483 819 1523 854 in
1543 824 1689 865 partem

182 888 312 938 gloriae
331 901 461 926 eorum
482 901 626 936 vocare,
649 900 809 936 quorum
828 886 964 923 virtuti
983 887 1112 923 omnia
1126 898 1258 934 prona
1280 889 1402 921 essent
1416 886 1434 921 :2
1494 885 1690 920 Romanos

182 958 310 992 autem
327 954 396 991 illo
415 958 583 1001 tempore
601 953 774 990 viventes
794 952 824 989 si
843 952 928 1000 quis
946 963 1035 988 cum
1053 952 1271 989 Jaumanno
1299 950 1507 998 intelligere
1533 949 1639 995 velit,
1660 950 1692 985 is

181 1022 331 1066 reputet
347 1030 469 1066 neque
486 1019 527 1055 in
545 1017 853 1055 antecedentibus
872 1017 917 1053 de
937 1016 1119 1053 Romanis
1139 1015 1283 1052 dictum
1294 1015 1419 1061 fuisse,
1441 1018 1478 1051 et
1490 1014 1692 1062 quominus

179 1082 241 1119 illi
260 1082 443 1120 Romanis
460 1083 560 1119 infra
577 1082 782 1119 nominatis
800 1084 1049 1128 opponantur,
1071 1081 1220 1117 obstare
1237 1090 1314 1116 non
1333 1079 1456 1115 solum
1475 1079 1691 1114 universam

182 1146 457 1184 enunciationis
474 1146 818 1192 conformationem,
840 1145 905 1181 sed
933 1144 1049 1180 etiam
1075 1143 1199 1191 ipsam
1226 1142 1430 1179 dictionem
1457 1141 1548 1177 inde
1576 1153 1693 1189 usqne

184 1211 240 1248 ad
254 1215 430 1247 nostram
462 1210 683 1246 memoriam
704 1209 882 1245 Romani.
941 1208 1036 1252 Quae
1065 1208 1184 1244 verba
1216 1218 1304 1243 cum
1331 1217 1409 1242 non
1427 1217 1495 1252 pro
1528 1204 1692 1252 epitheto

183 1277 288 1314 vocis
309 1275 476 1311 Romani
494 1275 625 1312 haberi
643 1274 798 1322 possint,
821 1273 885 1310 sed
904 1277 1052 1320 tempus
1071 1271 1281 1320 designent,
1302 1282 1380 1307 non
1399 1269 1550 1306 difficile
1569 1274 1625 1306 est
1646 1271 1693 1305 ad

183 1341 400 1387 videndum,
423 1341 537 1377 aliam
566 1339 785 1388 precessisse
813 1339 996 1385 temporis
1028 1337 1360 1385 siynzflcationem,
1381 1336 1437 1373 ita
1464 1341 1509 1372 ut
1534 1341 1695 1384 utraque

185 1404 371 1452 pertineat
390 1406 439 1441 ad
458 1406 576 1441 verba
598 1404 765 1439 Romani
785 1402 840 1438 sic
860 1401 1038 1438 habuere.
1097 1401 1199 1445 Quid
1213 1397 1380 1449 quaeris?
1439 1400 1530 1438 Sall.
1548 1401 1695 1448 scripsit

189 1468 325 1518 Ibique
344 1475 381 1505 et
398 1469 489 1506 iude
507 1481 636 1517 usque,
662 1468 738 1513 &c.,
760 1467 786 1503 i.
808 1479 838 1502 e.
861 1471 897 1502 et
924 1470 1005 1501 tum
1032 1465 1099 1502 ubi
1126 1465 1338 1513 periculum
1365 1465 1538 1513 urgebat,
1560 1470 1598 1501 et
1619 1477 1694 1512 per

185 1540 307 1572 totum
326 1535 514 1583 reliquum
533 1539 692 1581 tempus,
710 1543 794 1580 quae
812 1531 975 1568 mutatio
994 1531 1360 1568 commendationem
1379 1533 1580 1566 externam
1600 1542 1693 1577 quo-

187 1612 260 1648 que
277 1600 377 1636 hanc
395 1600 520 1646 habet,
542 1599 643 1646 quod
673 1598 715 1633 in
734 1595 857 1633 Berol.
880 1597 915 1641 2,
937 1607 1004 1642 pro
1029 1594 1159 1644 illiquz'
1179 1598 1308 1632 exstat
1339 1595 1481 1643 illoque
1513 1599 1690 1642 tempore„

187 1666 325 1714 quibus
343 1670 448 1714 patet
466 1677 543 1702 non
560 1665 705 1713 illique,
728 1663 792 1700 sed
807 1662 939 1710 ibique
958 1662 1154 1709 explicari.
1214 1662 1314 1699 Satis
1331 1661 1548 1709 frequenter
1566 1666 1693 1698 autem

187 1731 242 1768 ibi
259 1731 440 1779 temporis
458 1734 645 1779 potestate
662 1729 767 1766 valet
786 1733 876 1774 tum,
893 1727 940 1765 cf.
961 1726 1246 1763 Drakenborch.
1264 1726 1312 1762 ad
1333 1725 1433 1772 Liv.,
1458 1729 1492 1771 7,
1515 1728 1577 1773 23,
1597 1729 1631 1772 4,
1648 1730 1694 1762 :ui

190 1797 250 1843 11,
274 1796 309 1843 5,
333 1798 367 1843 1,
389 1797 454 1845 qui
471 1796 576 1833 loeus
595 1807 637 1832 eo
657 1806 805 1843 quoque
822 1793 1001 1831 notabilis
1015 1796 1081 1840 est,
1099 1792 1201 1840 quod
1219 1791 1360 1838 pariter
1378 1787 1438 1827 illi
1458 1796 1494 1826 et
1512 1790 1566 1826 ibi
1585 1804 1694 1827 voces

186 1859 352 1896 confnsae
370 1864 481 1905 sunt3
513 1860 658 1896 Duker.
680 1859 729 1895 ad
748 1859 844 1904 Liv.,
869 1859 930 1904 11,
954 1857 1016 1903 35,
1039 1858 1086 1902 23
1117 1855 1320 1892 Ruhnken.
1343 1855 1392 1890 ad
1411 1853 1494 1890 Ter.
1516 1854 1634 1890 Andr.
1660 1858 1691 1890 1.

191 1925 224 1969 1,
248 1924 312 1960 79.
360 1923 453 1960 This
469 1927 559 1960 note
577 1934 735 1970 appears
753 1922 921 1969 specious
941 1921 1016 1957 and
1035 1919 1276 1967 satisfactory
1292 1932 1301 1965 3
1322 1917 1402 1955 still
1420 1918 1440 1954 I
1459 1918 1571 1954 think
1592 1920 1695 1956 there

187 1987 220 2024 is
239 1998 263 2024 a
278 1986 402 2025 latent
420 1987 527 2025 ulcus
541 1987 667 2024 which
687 1987 707 2023 1
726 1998 788 2023 am
811 1990 848 2022 at
866 1989 1017 2032 present
1034 1983 1172 2021 unable
1191 1988 1231 2020 to
1250 1982 1450 2020 eure.-C.

241 2051 258 2073 ³
280 2054 343 2090 Sic
362 2052 549 2104 habuere]
570 2054 596 2090 i.
618 2067 647 2090 e.
668 2053 710 2090 in
740 2065 784 2089 ea
795 2052 913 2100 fuere
945 2050 1147 2097 sentent-ia,
1171 2050 1222 2087 sic
1249 2054 1459 2086 senserunt.
1519 2049 1576 2087 Cf.
1600 2050 1694 2087 Cato

189 2125 235 2161 de
254 2123 303 2160 R.
324 2122 371 2159 R.
390 2121 494 2168 praef.
544 2119 713 2168 Majores
729 2118 848 2154 nostri
867 2116 922 2152 sic
952 2116 1178 2160 habuerunt,
1199 2120 1237 2151 et
1254 2115 1310 2151 ita
1327 2115 1367 2150 in
1393 2114 1541 2162 legibus
1559 2127 1694 2162 posue-

187 2192 290 2235 runt,
310 2188 433 2224 furem
461 2185 566 2232 dupli
594 2183 845 2229 condemnari,
866 2182 1128 2218 foeneratorem
1157 2179 1369 2227 quadrupli.
1430 2179 1506 2217 Cic.
1528 2179 1623 2227 Epp.
1647 2183 1694 2217 ad

188 2248 337 2299 FamiL,
361 2253 422 2298 16,
444 2251 479 2297 4,
504 2251 539 2296 8,
564 2248 627 2284 Sic
647 2248 794 2293 habeto,
813 2247 866 2282 mi
885 2246 983 2292 Tiro,
1000 2245 1188 2282 neminem
1208 2255 1287 2280 esse
1306 2244 1371 2291 qui
1389 2255 1450 2279 me
1469 2250 1581 2290 amet,
1604 2246 1693 2292 quin

186 2317 288 2354 idem
305 2320 344 2353 te
362 2319 464 2351 amet
484 2315 559 2361 3ib.
584 2314 643 2359 11,
668 2314 728 2358 10,
751 2313 773 2348 2
793 2325 801 2357 ;
823 2311 1006 2346 Kritzius.
1063 2309 1144 2345 The
1161 2309 1253 2346 verb
1272 2308 1412 2344 babere
1430 2309 1500 2344 has
1518 2309 1596 2362 this
1615 2311 1692 2357 sig-

188 2383 382 2420 nification
399 2380 450 2428 in,
472 2385 513 2418 at
529 2381 635 2424 least,
655 2379 742 2426 fifty
761 2377 885 2424 places
904 2377 944 2413 in
964 2376 1042 2413 Cic.
1115 2375 1184 2412 See
1200 2376 1266 2412 the
1286 2376 1499 2412 Thesaurus
1518 2377 1560 2412 of
1572 2377 1692 2413 Nizo-

187 2449 275 2486 lius.
321 2448 369 2484 In
389 2443 680 2485 Greek-Savus
703 2457 933 2492 γιγνωσκειν,
957 2440 1069 2482 &vn-025
1093 2456 1157 2481 τῆς
1179 2439 1326 2489 γνώμη,-
1356 2439 1570 2489 'exem—C,

242 2509 258 2532 ⁴
283 2511 379 2548 C'um
406 2511 534 2548 Gallis
548 2523 624 2558 pro
643 2507 802 2559 salute]
825 2509 955 2545 About
972 2508 1038 2544 the
1056 2518 1148 2555 year
1166 2507 1207 2543 of
1223 2508 1351 2553 Rome,
1375 2508 1464 2552 364,
1486 2507 1550 2543 the
1572 2506 1692 2544 Gauls

188 2577 281 2614 took
299 2577 375 2613 and
393 2575 539 2612 bumed
557 2575 622 2611 the
641 2574 741 2621 city3
771 2573 896 2609 which
916 2571 1046 2607 struck
1065 2571 1159 2607 such
1178 2583 1201 2608 a
1218 2571 1373 2619 mighty
1390 2575 1510 2607 terror
1527 2570 1607 2606 into
1626 2571 1691 2606 the

191 2642 370 2686 Romans,
403 2639 479 2675 and
507 2638 610 2674 filled
640 2639 745 2675 them
775 2637 870 2673 with
902 2636 994 2671 such
1026 2635 1198 2671 dreadful
1233 2635 1525 2682 apprehensions
1562 2635 1603 2670 of
1627 2636 1689 2669 the

192 2706 322 2754 Gauls,
345 2707 429 2744 that
447 2706 505 2741 for
523 2704 667 2742 several
686 2715 777 2752 ages
791 2702 898 2747 after,
915 2713 1009 2738 even
1024 2701 1136 2737 down
1154 2706 1194 2738 to
1212 2703 1278 2739 the
1297 2703 1392 2750 days
1404 2702 1445 2738 of
1459 2713 1527 2738 our
1538 2702 1686 2747 author,

1346 2770 1488 2814 222
