1889 3191
631 220 911 278 SALLUSTII
937 238 1205 277 CATILINA.
1618 248 1663 282 11

236 359 323 405 IV.
363 359 518 420 Igitur
540 357 622 403 ubi
646 358 832 404 animus
857 374 914 404 ex
948 358 1110 404 multis
1145 359 1347 406 miseriis
1383 367 1522 424 atque
1547 364 1664 424 peri-

165 444 282 491 culis
306 444 548 506 requievit,
577 451 624 490 et
648 445 767 490 mihi
782 445 1010 508 reliquam
1034 453 1224 493 aetatem
1250 447 1275 492 a
1299 449 1538 510 republica
1561 467 1667 513 pro-

165 532 241 578 cul
264 531 529 577 habendam
555 530 761 586 deerevi3
789 548 884 578 non
905 532 995 578 fuit
1020 533 1268 580 consilium
1295 534 1507 581 socordia
1526 543 1666 597 atque

165 618 344 665 desidia
364 619 542 665 bonum
567 620 716 665 otium
753 626 1023 675 conterere3
1062 636 1213 683 neque
1248 622 1356 667 vero
1391 639 1557 684 agrum
1593 640 1666 670 co-

157 703 312 759 lendO,
341 710 423 750 aut
447 703 676 758 venando,
707 704 952 751 servilibus
978 705 1158 752 officiis¹
1188 707 1442 763 intentum,
1473 716 1662 756 aetatem

164 802 300 849 agere
323 805 332 832 ε
373 785 456 832 sed
480 786 505 831 ἐι
531 802 622 849 quo
657 786 846 849 incepto
883 787 1041 834 studio
1065 805 1140 834 me
1172 789 1368 836 ambitio
1402 791 1526 836 mala
1551 791 1667 838 deti-

162 879 342 929 nuerat,
370 872 534 919 eodem
558 889 812 935 regreSSUS,
834 874 980 920 statui
1004 891 1078 920 res
1097 881 1254 937 gestas
1279 876 1443 938 populi
1463 877 1667 925 Romani

162 960 376 1022 carptim,
425 966 480 1005 ut
522 975 719 1022 quaeque
764 959 988 1005 memoria
1035 960 1179 1022 digna
1211 961 1506 1019 videbantur,
1562 981 1665 1028 per-

165 1046 365 1093 scribere
385 1066 397 1101 ;
425 1048 478 1092 eo
504 1045 669 1108 magis,
698 1045 823 1109 quod
845 1045 964 1091 mihi
989 1046 1014 1090 εἴ
1039 1062 1136 1108 spe,
1164 1055 1297 1093 metu
1320 1049 1556 1110 partibus²
1580 1052 1667 1098 rei-

161 1134 365 1196 publicae
389 1133 574 1180 animus
597 1133 715 1180 liber
738 1140 853 1180 erat.
925 1133 1081 1196 Igitur
1116 1133 1172 1180 de
1201 1133 1420 1182 Catilinae
1456 1136 1668 1200 conjura-

160 1285 321 1322 infectus
340 1296 469 1330 essem,
491 1289 620 1321 tamen
637 1286 797 1321 honores
816 1284 1038 1321 affectabam
1066 1284 1107 1320 in
1125 1285 1327 1332 republica,
1349 1290 1386 1322 et
1405 1287 1495 1334 quia
1514 1289 1667 1326 affecta—

161 1352 261 1396 bam,
282 1348 453 1397 maligna
469 1349 572 1387 fama
599 1351 681 1387 istis
699 1351 916 1388 hominibus
936 1352 1221 1398 adnumerabar,
1243 1353 1357 1401 inque
1376 1357 1544 1402 eandem,
1565 1357 1666 1394 invi-

161 1417 263 1454 diam
280 1416 503 1453 incidebam.
561 1416 626 1453 Me
653 1417 824 1453 vexabat
851 1417 1003 1452 honoris
1031 1417 1176 1463 cupido,
1199 1422 1237 1453 et
1264 1420 1434 1456 vexabat
1455 1427 1667 1469 propterea

161 1483 276 1520 etiam
295 1483 436 1529 eadem,
458 1495 543 1530 quae
561 1488 724 1529 caeteros,
744 1484 847 1519 fama
866 1488 979 1530 atque
996 1483 1267 1520 invidia—M.

216 1548 286 1585 IV.
319 1545 330 1570 ¹
354 1548 559 1584 servilibus
579 1546 750 1597 officiis]
811 1548 893 1585 our
921 1549 1058 1584 author
1077 1549 1164 1584 does
1195 1553 1263 1584 not
1290 1560 1402 1585 mean
1428 1551 1481 1598 by
1500 1552 1577 1588 this
1596 1563 1668 1589 ex·-

160 1615 327 1662 pression
354 1616 440 1652 that
471 1615 701 1663 agriculture
735 1615 810 1650 and
839 1614 1007 1662 hunting
1037 1626 1100 1650 are
1131 1615 1301 1651 business
1327 1627 1463 1663 proper
1492 1618 1584 1666 only
1611 1619 1668 1655 for

160 1680 294 1726 slaves,
317 1681 417 1717 since
435 1680 581 1727 princes
601 1681 675 1716 and
708 1684 817 1727 great
834 1691 922 1715 men
949 1679 990 1714 in
1022 1679 1074 1715 all
1094 1691 1194 1726 ageS,
1215 1680 1315 1716 have
1346 1681 1440 1717 been
1473 1682 1562 1719 thus
1588 1695 1669 1720 em-

160 1747 318 1795 ployed,
348 1748 418 1783 but
436 1748 523 1783 that
541 1748 635 1794 they
653 1758 715 1783 are
735 1747 919 1782 exercises
946 1746 986 1782 in
1006 1757 1028 1782 a
1047 1751 1155 1793 great
1173 1758 1344 1783 measure
1371 1749 1570 1796 corporeal,
1593 1753 1668 1788 and

161 1811 431 1859 consequently
449 1823 561 1847 mean
580 1823 622 1847 or
640 1811 725 1857 low,
742 1811 854 1847 when
875 1811 1074 1857 compared
1092 1814 1131 1847 to
1150 1812 1214 1847 the
1233 1823 1335 1848 more
1354 1813 1464 1850 noble
1484 1815 1668 1853 exercises

160 1876 202 1912 of
215 1877 279 1913 the
298 1878 426 1923 mind;
448 1878 534 1923 and,
556 1877 749 1922 therefore,
771 1888 828 1913 we
857 1888 920 1913 are
939 1881 978 1913 to
997 1877 1087 1913 take
1105 1877 1260 1913 servilia
1281 1876 1407 1925 officia
1423 1880 1520 1926 here,
1541 1881 1581 1916 in
1600 1893 1668 1928 op-

160 1943 321 1989 posit-ion
340 1942 476 1991 purely
495 1948 534 1979 to
554 1948 658 1978 artes
687 1942 808 1978 animi
824 1955 839 1983 ;
862 1955 903 1980 as
930 1943 970 1979 in
999 1955 1080 1991 cap.
1102 1945 1138 1991 i.,
1161 1945 1325 1991 Imperio
1353 1946 1481 1992 animi,
1503 1949 1667 1994 corporis

160 2010 312 2046 servitio
330 2011 455 2058 magis
477 2010 744 2046 utimur.-M.

212 2073 228 2094 ¹
245 2075 282 2111 Α
303 2088 370 2123 spe
389 2082 488 2112 metu
501 2074 719 2126 partibus]
750 2075 924 2112 Another
941 2077 1079 2112 author
1096 2076 1223 2112 would
1241 2077 1403 2124 perhaps
1428 2079 1527 2115 have
1547 2080 1626 2117 said
1645 2079 1669 2116 ὰ

159 2154 236 2189 spe,
258 2148 369 2189 metu,
391 2148 428 2178 et
439 2143 622 2190 partibus
636 2155 650 2183 ;
670 2144 741 2179 but
761 2143 956 2190 Longinus
971 2143 1018 2178 de
1035 2143 1189 2178 sublimi
1208 2144 1389 2189 observes,
1407 2146 1492 2183 that
1512 2148 1575 2183 the
1593 2147 1668 2184 fre-

160 2211 278 2254 quent
297 2219 362 2244 use
381 2208 423 2244 of
436 2209 669 2255 copulatives
688 2209 839 2244 renders
866 2209 932 2244 the
951 2207 1049 2255 style
1078 2208 1146 2244 fiat
1177 2209 1252 2244 and
1280 2208 1449 2255 languid.
1512 2211 1667 2259 Sallust,

160 2270 321 2308 sensible
348 2272 390 2308 of
403 2272 490 2317 this,
512 2283 597 2308 uses
624 2272 730 2308 them
757 2283 854 2319 very
882 2271 1090 2319 sparingly.
1150 2271 1243 2318 Cap.
1265 2273 1320 2308 xi.
1344 2272 1524 2320 Gloriam,
1547 2275 1667 2312 hono-

160 2347 250 2382 rem,
271 2336 471 2383 imperium
490 2337 621 2383 bonus,
642 2337 807 2385 ignavus
826 2347 931 2384 aeque
951 2337 1021 2373 sibi
1040 2340 1237 2383 exoptant.
1280 2336 1372 2384 Cap.
1394 2338 1489 2384 xiv„
1513 2338 1665 2386 Omnes,

161 2414 254 2449 quos
271 2402 472 2450 flagitium,
503 2404 652 2452 ejestas,
683 2403 853 2440 conscius
882 2403 1031 2439 animus
1059 2404 1323 2451 exagitabant.
1380 2403 1471 2451 Jug.
1503 2417 1582 2451 cap.
1613 2405 1665 2453 li„

160 2467 292 2514 Arma,
312 2468 400 2514 tela,
420 2469 516 2515 equi,
537 2469 621 2514 viri,
642 2469 779 2514 hostes,
795 2469 895 2505 vires
913 2469 1106 2515 permixti.
1139 2468 1231 2514 Cap.
1246 2469 1314 2513 lx„
1332 2468 1485 2505 Clamor
1497 2472 1667 2517 permix-

162 2537 223 2569 tus
242 2533 466 2579 hortatione,
487 2531 630 2577 laetitia,
653 2534 808 2580 gemitu,
831 2534 907 2569 and
926 2545 966 2569 so
985 2534 1026 2569 in
1044 2545 1067 2569 a
1085 2533 1259 2569 hundred
1277 2534 1386 2569 other
1403 2533 1652 2580 places.—M.

216 2596 252 2631 A
272 2609 350 2644 spe,
373 2602 485 2643 metu,
500 2597 697 2644 partibus,
722 2595 809 2646 &c.]
842 2597 1073 2643 Pomponius
1095 2597 1232 2642 Laetus,
1254 2598 1296 2633 in
1324 2598 1383 2634 his
1410 2600 1565 2646 prefaoe,
1596 2601 1667 2639 has

161 2665 254 2700 used
290 2663 436 2700 similar
466 2663 676 2712 language3
705 2663 766 2699 his
797 2664 921 2699 words
951 2674 1025 2709 are,
1058 2662 1121 2699 Ab
1154 2663 1342 2700 historicis
1373 2665 1502 2702 abesse
1529 2667 1668 2705 debent

158 2730 304 2766 foedum
322 2731 464 2768 crimen
492 2730 766 2777 assentationis,
789 2734 827 2766 et
845 2741 952 2765 amor
980 2741 1022 2765 ae
1041 2728 1314 2776 benevolentia,
1335 2734 1533 2779 metusque
1560 2737 1599 2770 et
1616 2733 1668 2771 si-

161 2795 320 2842 multas,
342 2796 478 2844 quibus
496 2796 750 2844 corrumpitur
767 2795 944 2841 narratio,
967 2794 1024 2831 uti
1043 2805 1297 2841 saepenumero
1319 2796 1592 2844 contigit.—C.
