1889 3191
275 272 323 308 66
726 271 1003 312 SALLUSTII
1031 271 1298 311 CATILINA.

269 402 366 433 non
387 389 477 450 qub
502 387 592 434 sibi
613 388 754 435 tanti³
778 388 962 436 sceleris
996 391 1209 437 conscius
1234 409 1246 446 ;
1289 389 1373 437 sed
1393 389 1465 436 uti
1485 388 1749 453 respublica

272 471 431 534 quieta
452 472 586 528 foret,
612 474 731 521 neve
765 490 821 520 ex
845 476 928 520 sua
960 475 1259 522 contentione
1294 475 1460 522 seditio
1494 474 1744 522 oriretur.''

269 559 347 605 Ab
370 559 447 605 his
469 559 610 622 longe
636 560 840 607 diversas
869 560 1091 621 [litteras]
1121 560 1181 614 Q.
1203 560 1401 607 Catulus
1422 561 1473 607 in
1496 566 1662 608 senatu
1682 576 1752 607 re-

269 645 441 700 citavit,
465 661 581 706 quas
605 646 695 692 sibi
716 645 905 692 nomine
921 644 1138 691 Catilinae
1153 644 1360 691 redditas
1375 644 1571 701 dicebat,
1591 661 1752 692 earum

269 729 533 791 exemplum
552 729 672 776 infra
691 729 933 792 scriptum.

334 813 539 860 XXXV.
581 820 612 840 “
631 815 688 860 L.
719 813 923 860 Catilina
946 814 1006 868 Q.
1034 812 1217 860 Catulo¹
1235 814 1283 860 S.
1308 813 1509 876 Egregia
1530 819 1613 860 tua
1634 814 1753 861 fides

268 913 315 943 re
340 898 539 960 cognita,
558 905 741 961 gratam
764 899 815 945 in
837 898 1019 960 magnis
1037 898 1255 960 periculis
1273 897 1488 944 fiduciam
1515 913 1750 945 commen·

267 981 446 1028 dationi
465 998 580 1029 meae
597 983 780 1029 tribuit.
851 982 1215 1037 Quamombrem
1233 982 1548 1029 defensionem
1565 982 1614 1028 in
1630 998 1751 1030 novo

266 1065 482 1113 consilio²
504 1083 600 1113 non
624 1067 768 1114 statui
791 1083 968 1130 parare,
1006 1066 1369 1114 satisfactionem
1401 1084 1457 1114 ex
1493 1067 1621 1114 nulla
1641 1084 1750 1115 con-

267 1195 304 1231 It
322 1207 401 1232 was
419 1196 499 1233 first
517 1197 615 1233 built
631 1197 685 1244 by
703 1207 726 1232 a
753 1196 887 1244 colony
905 1198 947 1233 of
961 1197 1024 1233 the
1043 1197 1292 1242 Phoenicians,
1313 1208 1354 1232 as
1372 1197 1511 1234 related
1538 1198 1591 1246 by
1609 1197 1634 1234 J
1637 1197 1748 1234 ustin.

266 1257 363 1295 xliii.
385 1270 465 1305 cap.
488 1259 635 1295 3.-M.

318 1317 334 1340 ⁸
359 1319 442 1362 Quo
462 1321 535 1357 sibi
557 1318 693 1369 tanti]
722 1318 806 1362 Qus)
825 1321 972 1358 etiamsi
992 1334 1033 1358 eo
1061 1333 1136 1359 non
1156 1322 1327 1367 addatur,
1347 1326 1474 1358 tamen
1502 1333 1567 1368 per
1585 1334 1633 1368 se,
1654 1327 1693 1360 et
1709 1323 1750 1359 vi

265 1384 365 1420 sexti
384 1382 493 1420 cassis
525 1389 632 1421 notat
657 1390 820 1431 propter
839 1385 949 1432 qnod,
970 1385 1006 1420 h.
1028 1396 1059 1421 e.
1086 1386 1178 1431 quia
1198 1382 1304 1431 teque
1337 1396 1380 1420 ac
1399 1382 1502 1431 quod
1527 1383 1571 1420 ea
1598 1385 1750 1422 notione

264 1443 467 1493 saepissime
498 1447 659 1492 ponitur.
718 1446 793 1484 Cic.
814 1447 864 1482 vi.
887 1447 992 1493 epist.
1015 1448 1049 1491 3,
1072 1446 1330 1493 Superioribus
1356 1447 1472 1483 literis
1490 1445 1749 1484 benevolentia

263 1509 384 1555 magis
404 1509 597 1554 adductus,
619 1520 733 1555 quam
753 1521 826 1556 quo
845 1521 903 1545 res
921 1510 975 1545 ita
993 1509 1210 1556 postularet,
1230 1510 1285 1544 sui
1303 1509 1569 1556 longior.—M.

320 1571 410 1608 Non
431 1584 504 1620 quo
522 1573 605 1618 sibi,
627 1570 717 1621 δια]
750 1572 837 1608 vid.
874 1573 1042 1609 Perizon.
1076 1573 1125 1609 ib.
1162 1574 1197 1617 4,
1229 1573 1289 1618 12,
1324 1583 1359 1619 p.
1394 1573 1482 1617 728,
1516 1571 1680 1620 treating
1712 1573 1755 1608 of

267 1634 453 1680 qua—C.

314 1695 485 1732 XXXV.
518 1693 529 1717 ¹
552 1696 604 1734 L.
631 1696 804 1732 Catilina
834 1696 879 1739 Q.
908 1696 1046 1732 Catulo
1071 1695 1136 1746 S.]
1158 1698 1180 1733 i.
1201 1709 1231 1733 e.
1254 1696 1303 1732 L.
1333 1695 1505 1733 Catilina
1533 1693 1578 1737 Q.
1607 1695 1747 1733 Catulo

266 1759 432 1795 Salutem
453 1758 665 1796 dicit—M.

315 1819 330 1841 ⁹
355 1821 606 1863 Quamobrem
626 1822 879 1870 defensionem
910 1822 950 1856 in
980 1833 1073 1857 noco
1103 1819 1295 1870 consilia]
1327 1818 1526 1867 Propterea
1553 1817 1656 1867 quod
1674 1820 1748 1857 fide

260 1888 327 1921 tua
345 1885 439 1920 mihi
458 1886 548 1921 satis
567 1885 727 1931 cognita,
747 1895 807 1920 me
826 1885 926 1930 apud
944 1889 981 1920 te
996 1895 1071 1919 non
1090 1885 1293 1929 defendere,
1315 1884 1378 1919 sed
1396 1894 1576 1920 excusare
1594 1881 1746 1919 tantum

260 1948 381 1984 debui.
439 1947 657 1994 Praepositio
677 1947 717 1981 in
738 1951 879 1982 statum
908 1948 1082 1991 denotat3
1111 1947 1180 1983 erit
1207 1946 1324 1994 igitur
1351 1946 1469 1993 quasi,
1489 1957 1576 1982 cum
1602 1957 1745 1982 novum

261 2012 458 2048 consilium
479 2015 628 2047 secutus
648 2010 856 2046 sum—M.

321 2075 584 2121 Quamobrem,
627 2073 713 2124 δια]
758 2076 838 2111 The
874 2075 1126 2112 construction
1162 2076 1205 2112 of
1231 2076 1307 2112 this
1344 2080 1524 2120 sentence,
1562 2075 1687 2112 which
1714 2077 1747 2112 is

259 2141 487 2187 wretchedly
498 2140 651 2186 pointed
665 2141 739 2176 and
751 2140 986 2186 interpreted,
1003 2141 1045 2186 is,
1062 2152 1103 2177 as
1115 2141 1200 2177 that
1213 2145 1310 2177 most
1325 2140 1475 2177 learned
1490 2139 1638 2186 Italian,
1650 2139 1744 2178 Cas-

258 2204 441 2247 tilioneuS,
471 2203 539 2238 has
565 2202 742 2249 properly
769 2203 958 2247 observed,
982 2201 1040 2252 (v.
1061 2207 1147 2239 note
1165 2203 1204 2239 in
1224 2203 1359 2249 Delph.
1380 2201 1459 2251 ed.)
1482 2203 1639 2239 Decrevi
1657 2214 1745 2250 pro-

259 2276 392 2312 ponere
412 2265 703 2301 satisfactionem
731 2276 783 2300 ex
801 2263 906 2300 nulla
934 2263 1157 2301 conscientia
1185 2266 1230 2301 de
1257 2263 1377 2312 culpa,
1399 2266 1642 2312 quamobrem
1669 2277 1744 2302 non

258 2330 375 2366 statui
393 2340 524 2375 parare
543 2329 792 2365 defensionem
811 2329 850 2365 in
869 2341 968 2366 novo
987 2330 1150 2366 consilio.
1206 2330 1252 2366 Id
1266 2334 1332 2376 est,
1349 2330 1494 2366 decrevi
1513 2341 1673 2377 purgare
1683 2341 1744 2366 me

259 2395 359 2440 apud
377 2398 426 2439 te,
447 2392 533 2429 ciim
553 2393 692 2428 nullius
710 2393 804 2428 mihi
823 2392 948 2428 delicti
966 2392 1134 2428 conscius
1161 2393 1242 2438 sim,
1264 2404 1330 2429 cur
1349 2393 1479 2428 Rornae
1497 2404 1651 2430 causam
1668 2404 1744 2430 non

258 2458 431 2502 dixerim,
451 2468 571 2503 neque
589 2457 814 2492 defenderim
834 2457 881 2493 ab
909 2456 1145 2492 inimicorum
1171 2457 1379 2493 calumniis.
1453 2456 1584 2494 Alfieri
1600 2458 1688 2494 doae
1713 2458 1745 2494 it

258 2522 296 2556 in
315 2522 378 2557 the
397 2531 498 2557 same
518 2530 683 2555 manner.
742 2519 815 2555 His
833 2520 1058 2556 translation
1075 2531 1168 2556 runs
1186 2521 1275 2558 thus
1291 2535 1298 2557 :
1320 2521 1392 2557 Del
1410 2521 1539 2558 delitto
1557 2533 1582 2558 a
1599 2533 1660 2558 me
1672 2533 1742 2569 ap-

257 2589 362 2631 posto
381 2584 578 2630 scolparmi
595 2595 672 2620 non
689 2584 781 2620 volli
808 2585 847 2620 in
873 2590 1018 2630 senato,
1039 2596 1101 2622 reo
1128 2596 1219 2632 pure
1246 2597 1321 2622 non
1348 2586 1589 2632 sentendomi,
1617 2597 1744 2633 presso

257 2655 294 2686 te
314 2649 571 2694 scolperommi
589 2660 658 2685 con
678 2650 781 2694 detti,
803 2650 871 2685 che
888 2649 978 2695 veri,
999 2661 1064 2696 per
1083 2649 1177 2686 Dio!
1199 2651 1416 2687 conoscerai.
1473 2649 1519 2686 In
1538 2662 1632 2686 novo
1652 2662 1741 2686 con-

257 2713 355 2758 silio,
376 2713 408 2747 is
425 2712 466 2746 in
485 2711 548 2747 the
567 2713 692 2759 newly
711 2714 901 2749 convened
920 2718 1046 2749 senate
1062 2728 1071 2758 3
1101 2725 1142 2750 as
1161 2714 1265 2750 these
1279 2714 1384 2761 truly
1400 2713 1551 2750 learned
1570 2714 1739 2760 Italians,

257 2776 333 2811 and
350 2775 413 2812 the
433 2773 598 2821 Delphin
616 2775 734 2811 editor
748 2786 827 2822 say.
884 2776 983 2812 Mair
1011 2776 1209 2813 translates
1236 2777 1276 2812 in
1302 2788 1401 2813 novo
1428 2776 1590 2823 consilio,
1611 2779 1661 2826 of
1678 2777 1740 2814 tlte

1860 0 1889 339 1

1873 396 1889 427 ἰ

1874 428 1889 443 ,7

1864 1141 1889 1583 ;

1873 1827 1889 1939 3

1885 1967 1889 2006 l

1846 2702 1889 3191 ᾖ
