1889 3191
244 220 265 254 2
273 220 321 255 74
627 219 903 259 SALLUSTII
928 221 954 258 J
958 220 1247 260 UGURTHIN
1253 221 1342 260 ΠΜ.

245 351 298 382 ea
320 341 569 398 pateretur,
597 344 678 384 aut
700 338 864 401 praelio
886 345 1187 386 certaturum.
1232 339 1356 386 Nam
1373 338 1589 386 Bocchus
1607 355 1725 385 nun-

243 420 339 468 cios
362 422 423 468 ad
445 437 553 469 eum
578 438 704 484 saepe
727 422 932 478 miserat,
975 423 1135 470 “velle
1158 424 1320 486 populi
1344 423 1545 470 Romani
1568 422 1726 469 amici·

241 507 370 564 tiam,
396 510 458 554 ne
480 508 592 571 quid
615 509 672 554 ab
699 525 747 554 se
769 508 940 554 hostile
965 508 1202 554 timeret.''
1273 509 1332 555 Id
1360 509 1721 564 simulaveritne,

241 594 330 655 quo
364 592 644 655 improvisus
678 593 860 655 gravior
893 593 1135 648 accideret,
1163 609 1223 639 an
1256 594 1515 642 mobilitate
1549 595 1725 658 ingenii

240 693 402 739 pacem
425 684 565 740 atque
587 677 762 724 bellum
785 685 966 725 mutare
991 678 1171 734 solitUS,
1188 681 1356 741 parurn
1380 680 1687 742 exploratum.

304 762 585 809 LXXXIX.
624 762 717 809 Sed
740 763 933 819 Consul,
969 764 1038 810 uti
1074 770 1315 820 statuerat,
1354 764 1527 826 oppida
1560 766 1722 812 castel-

237 848 372 911 laque
395 848 578 894 munita
600 847 758 895 adire:
795 849 968 911 partim
1007 849 1066 905 vi,
1093 849 1183 896 alia
1221 856 1365 906 metu,
1406 857 1488 896 aut
1524 851 1721 913 praemia

239 935 517 983 ostentando
540 942 748 983 avortere
785 936 842 982 ab
882 935 1117 983 hostibus.
1188 936 1258 983 Ac
1288 935 1441 999 primo
1473 935 1725 983 mediocria

237 1023 440 1086 gerebat,
468 1022 756 1070 existumans
780 1022 1067 1084 ‚Iugurtham
1091 1022 1150 1068 ob
1176 1037 1285 1069 suos
1309 1021 1531 1069 tutandos
1554 1021 1604 1068 in
1627 1038 1724 1069 ma-

236 1125 326 1155 nus
348 1115 610 1156 venturum.
680 1108 772 1155 Sed
793 1108 875 1154 ubi
913 1108 1078 1171 procul
1115 1109 1290 1164 abesse,
1318 1115 1363 1155 et
1398 1108 1500 1155 aliis
1523 1108 1723 1172 negotiis

235 1194 470 1241 intentum
494 1194 673 1256 aceepit
691 1214 703 1249 ;
740 1193 918 1256 majora
941 1201 987 1241 et
1021 1194 1201 1257 aspera¹
1225 1193 1420 1256 adgredi
1443 1200 1630 1256 tempus
1651 1195 1720 1240 vi-

236 1294 357 1325 sum.
438 1279 552 1325 Erat
574 1279 697 1325 inter
718 1278 923 1340 ingentis
947 1278 1221 1326 solitudines
1246 1279 1472 1341 oppidum
1495 1296 1719 1342 magnum

236 1369 374 1426 atque
409 1363 581 1419 valens,
625 1363 814 1410 nomine
849 1363 1031 1425 Capsa:
1069 1364 1201 1427 cujus
1241 1364 1455 1411 conditor
1493 1365 1720 1412 Hercules

235 1446 403 1510 Libys²
426 1447 787 1495 memorabatur.
857 1447 974 1510 Ejus
1008 1448 1130 1495 cives
1164 1449 1291 1511 apud
1315 1449 1602 1512 Jugurtham
1633 1451 1721 1497 im·

236 1549 413 1599 munes,
436 1533 525 1581 levi
541 1534 751 1606 imperio,
775 1542 820 1581 et
839 1533 897 1583 ob
914 1550 966 1582 ea
983 1534 1258 1583 fidelissumi
1275 1535 1569 1587 habebantur
1590 1556 1599 1584 :
1619 1553 1720 1589 mu-

233 1628 321 1676 niti
343 1627 592 1677 advorsum
615 1627 780 1686 hostis,
809 1646 903 1678 non
939 1631 1173 1678 moenibus
1209 1631 1362 1687 modo,
1390 1636 1436 1678 et
1472 1632 1614 1679 armis
1648 1640 1717 1680 at-

234 1731 322 1778 que
346 1715 471 1771 viris,
500 1715 649 1762 multo
670 1717 819 1779 magis
841 1716 1050 1763 locorum
1069 1717 1334 1779 asperitate.
1380 1717 1520 1773 Nam,
1546 1725 1718 1781 praeter

233 1801 406 1863 oppido
423 1802 697 1864 propinqua,
719 1802 807 1848 alia
823 1804 979 1848 omnia
992 1809 1134 1858 vasta,
1158 1802 1346 1858 inculta,
1366 1803 1549 1866 egentia
1565 1819 1713 1863 aquae,

231 1887 402 1934 infesta
425 1889 720 1951 serpentibus
742 1909 752 1943 ;
780 1905 973 1951 quarum
998 1889 1082 1944 vis,
1111 1888 1243 1935 sicuti
1270 1888 1480 1934 omnium
1494 1888 1713 1944 ferarum,

232 1973 390 2035 inopia
413 1973 504 2020 cibi
526 1972 686 2029 aerior,
713 1974 772 2020 ad
795 1974 899 2029 hoc,
925 1981 1093 2020 natura
1129 1974 1414 2036 serpentium
1437 1974 1541 2036 ipsa
1562 1975 1715 2037 perni-

232 2057 355 2104 ciosa
379 2058 457 2105 siti
480 2059 642 2121 magis,
671 2061 807 2122 quam
831 2059 919 2106 alia
942 2075 1005 2114 re,
1033 2059 1314 2105 accenditur.
1360 2059 1476 2122 Ejus
1499 2060 1714 2122 potiundi

231 2142 437 2189 Marium
461 2160 680 2190 maxuma
711 2144 881 2206 cupido
914 2143 1175 2199 invaserat3
1213 2148 1316 2190 cum
1353 2151 1543 2207 propter
1576 2161 1714 2192 usum

229 2228 352 2282 belli,
380 2237 481 2275 tum
506 2229 613 2292 quia
647 2245 720 2276 res
755 2245 919 2292 aspera
953 2229 1196 2276 videbatur
1213 2251 1225 2285 ;
1252 2237 1298 2276 et
1324 2229 1548 2277 Metellus
1583 2232 1713 2293 oppi-

230 2365 405 2413 example
423 2367 464 2403 of
478 2367 602 2404 which
623 2367 642 2403 Ι
660 2368 758 2403 have
785 2378 898 2404 never
917 2378 1011 2404 seen.
1069 2367 1201 2403 Either
1218 2367 1270 2401 iri
1297 2372 1399 2403 must
1418 2367 1462 2404 be
1490 2368 1714 2405 understood

227 2431 323 2476 here,
346 2443 387 2468 or
404 2432 468 2468 the
485 2431 675 2481 language
693 2433 724 2470 is
743 2433 1091 2470 anacoluthic.-C.

285 2495 511 2534 LXXXIX.
529 2494 540 2517 ¹
565 2497 723 2546 Majora
744 2504 780 2534 et
797 2495 973 2547 aspera]
994 2498 1019 2533 i.
1041 2510 1070 2534 e.
1092 2498 1237 2545 majora
1255 2503 1292 2534 et
1310 2498 1433 2546 mag-is
1451 2509 1592 2545 aspera.
1649 2499 1712 2535 Ex

229 2562 371 2608 majora
388 2564 610 2612 intelligitur
626 2563 868 2612 magis.—M.

280 2625 294 2648 ²
314 2627 500 2665 Hercules
520 2630 676 2681 Libys]
707 2631 827 2668 There
843 2642 939 2667 were
957 2642 1074 2679 many
1092 2631 1178 2668 that
1195 2636 1295 2668 went
1322 2632 1440 2668 under
1458 2632 1523 2668 the
1540 2643 1650 2668 name
1677 2633 1719 2669 of

230 2694 421 2739 Hercules,
457 2696 547 2731 such
581 2707 621 2732 as
654 2696 835 2733 Hercules
854 2697 1069 2745 AEgyptius,
1105 2695 1252 2745 brius,
1284 2697 1457 2743 Celticus,
1480 2697 1708 2745 Tyrinthius⁷

231 2757 394 2807 Libycus
413 2769 453 2795 or
473 2758 599 2807 Libys,
624 2759 686 2795 διο.
745 2760 811 2797 See
830 2772 910 2808 cap.
935 2761 994 2798 18.
1015 2765 1102 2798 note
1123 2760 1265 2798 1.-Μ,
