1889 3191
236 269 283 304 12
690 270 970 309 SALLUSTII
1000 269 1218 309 CATILIN
1219 271 1266 308 A.

230 384 371 439 tione,
400 385 539 448 quarn
563 386 814 432 verissume
843 394 1020 449 potero,
1049 388 1214 450 paucis
1238 386 1511 442 absolvam,⁸
1534 403 1643 434 nam
1667 387 1717 433 id

230 469 410 516 facinus
434 470 484 516 in
506 471 671 532 primis
690 488 776 532 ego
795 473 1091 519 memorabile
1111 473 1357 528 existumo,
1380 473 1562 519 sceleris
1580 479 1719 535 atque

229 555 424 617 periculi
452 557 674 602 novitate.
714 557 785 603 De
809 557 941 619 cujus
963 558 1169 603 hominis
1193 558 1401 604 moribus
1425 574 1573 620 pauca
1590 555 1720 619 prius

231 640 524 702 explananda
549 648 672 696 sunt,
701 658 841 704 quam
864 642 1051 687 initium
1076 643 1296 688 narrandi
1320 643 1501 689 faciam.

297 726 354 771 V.
390 727 597 773 Lucms
623 727 890 774 CATILINA
924 728 1070 773 nobili
1096 744 1264 790 genere
1299 735 1453 784 natus,
1481 730 1650 790 magna
1674 727 1720 772 vi

230 818 275 857 et
299 811 445 857 animi
470 818 516 857 et
541 812 761 873 corporis,
792 812 872 858 sed
906 812 1093 874 ingenio
1118 813 1239 859 malo
1274 829 1523 875 pravoque.
1593 813 1720 858 Huic

230 897 287 941 ab
312 896 623 942 adolescentia
646 897 766 943 bella
799 898 1037 953 intestina,
1065 898 1230 953 caedes,
1269 899 1461 960 rapinae,
1490 897 1721 945 discordia

230 981 376 1027 civilis
423 988 555 1043 grata
599 982 755 1028 fuere:
794 983 949 1045 ibique
978 983 1275 1046 juventutem
1322 1000 1454 1030 suam
1500 984 1721 1029 exercuit.

230 1066 416 1128 Corpus
456 1067 639 1128 patiens
685 1067 870 1122 inediae,
921 1068 1105 1130 vigiliae,
1156 1069 1340 1131 algoris,
1392 1084 1533 1130 supra
1577 1066 1721 1131 quam

231 1151 395 1213 cuique
420 1152 638 1198 credibile
663 1160 748 1199 est.
817 1153 1017 1199 Animus
1052 1154 1217 1208 audax,
1255 1153 1493 1209 subdolus,
1532 1153 1720 1208 varius,l

230 1238 363 1301 cujus
387 1238 453 1284 rei
476 1238 589 1285 libet
615 1239 856 1285 simulator
880 1255 932 1285 ac
956 1239 1287 1295 dissimulator,
1310 1239 1451 1285 alieni
1475 1244 1716 1300 appetens,

232 1323 304 1369 sui
323 1323 558 1385 profusus,
579 1324 746 1370 ardens
765 1324 812 1369 in
829 1324 1194 1386 cupiditatibus:
1223 1324 1335 1370 satis
1359 1323 1626 1386 loquentiae,
1651 1339 1721 1369 sa-

230 1406 420 1468 pientiae
435 1423 616 1468 parum.
687 1408 860 1453 Vastus
877 1407 1059 1453 animus
1074 1406 1393 1461 immoderata,
1416 1405 1716 1460 incredibilia,

230 1492 370 1538 nimis
395 1492 489 1538 alta
513 1509 696 1554 semper
730 1493 964 1554 cupiebat.
1035 1492 1178 1538 Hunc
1211 1497 1319 1554 post
1355 1490 1720 1537 dominationem

232 1577 366 1623 Lucii
391 1577 547 1632 Sullae,
576 1577 736 1624 lubido
773 1594 993 1624 maxuma
1029 1578 1263 1623 invaserat
1299 1577 1570 1639 reipublicae
1598 1577 1722 1639 capi-

231 1663 403 1711 undae:
442 1680 591 1727 neque
625 1664 675 1709 id
711 1665 879 1726 quibus
915 1664 1068 1710 modis
1103 1663 1448 1726 adsequeretur,
1489 1662 1601 1709 dum
1634 1662 1723 1708 sibi

231 1765 429 1811 regnum
453 1757 653 1811 pararet,
694 1749 948 1812 quidquam
982 1749 1118 1811 pensi
1152 1749 1369 1794 habebat.
1440 1747 1724 1810 Agitabatur

231 1835 383 1896 magis
407 1836 650 1898 magisque
674 1836 723 1881 in
749 1835 848 1882 dies
885 1835 1068 1881 animus
1091 1834 1222 1880 ferox
1257 1834 1415 1896 inopia
1438 1833 1504 1880 rei
1528 1833 1723 1879 familia·

231 1918 310 1972 ris,
358 1926 404 1964 et
442 1918 724 1965 conscientia
761 1917 1014 1964 scelerum:
1054 1933 1159 1979 quae
1196 1922 1393 1978 utraque
1434 1914 1509 1960 his
1545 1914 1722 1961 artibus

238 2011 443 2060 auxerat,
485 2021 600 2067 quas
648 2006 787 2066 supra
826 2003 1095 2050 memoravi.
1182 2002 1452 2048 Incitabant
1497 2005 1724 2063 praeterea

231 2090 438 2152 corrupti
464 2090 664 2136 civitatis
697 2088 890 2145 mores,2
916 2105 1032 2153 quos
1067 2103 1290 2151 pessuma
1312 2103 1365 2134 ac
1398 2086 1579 2133 diversa
1601 2086 1722 2133 inter

284 2265 299 2286 ⁸
320 2267 464 2302 Paucis
484 2266 712 2317 absolvam]
731 2268 785 2304 To
805 2268 915 2304 make
934 2269 998 2304 the
1017 2272 1188 2303 sentence
1206 2266 1276 2302 full
1290 2266 1365 2302 and
1378 2264 1649 2313 grammaticen,
1667 2277 1723 2302 we

231 2343 322 2379 may
341 2332 571 2368 understand
590 2332 863 2378 narrationem,
885 2331 1094 2377 historiam,
1117 2342 1158 2367 or
1176 2341 1277 2367 some
1296 2331 1388 2366 such
1406 2330 1520 2376 word,
1541 2340 1583 2366 as
1600 2330 1641 2366 in
1659 2330 1723 2365 the

234 2395 583 2432 translation—M.

285 2461 331 2496 V.
356 2458 366 2481 ¹
400 2459 573 2510 Varius]
599 2461 672 2497 Hic
687 2459 918 2508 versipellem
934 2471 1045 2508 quem
1060 2460 1198 2505 dicunt,
1215 2460 1378 2505 denotat,
1400 2463 1437 2496 et
1451 2459 1510 2495 cui
1529 2459 1720 2507 ingenium

230 2526 403 2562 versatile
424 2527 472 2562 ad
493 2526 619 2561 omnia
644 2524 878 2561 fuerit.—M.

286 2586 300 2607 '
325 2589 505 2624 Civitatis
525 2602 655 2635 mores,
678 2586 805 2638 quoa]
837 2588 917 2625 Τ11ε
935 2598 1105 2635 pronoun
1123 2599 1216 2635 quos
1235 2587 1347 2624 refers
1365 2590 1432 2622 not
1450 2591 1489 2623 to
1516 2598 1637 2622 mores
1655 2586 1724 2625 but

231 2655 270 2686 to
291 2651 468 2695 civitatis,
491 2652 566 2686 and
583 2651 625 2696 is,
646 2652 699 2699 by
718 2652 840 2687 virtue
859 2651 902 2687 of
914 2651 979 2687 the
997 2661 1111 2695 sense,
1132 2655 1202 2696 put
1220 2649 1423 2686 masculine
1438 2648 1512 2684 and
1530 2647 1662 2694 plural,
1683 2659 1724 2684 as

231 2714 264 2750 if
278 2715 341 2750 the
364 2715 582 2750 antecedent
600 2715 675 2750 had
693 2716 786 2751 been
806 2714 953 2750 civium.
1012 2713 1132 2751 Other
1148 2714 1334 2750 instanoes
1353 2712 1395 2747 of
1407 2712 1472 2747 the
1498 2710 1574 2747 like
1591 2714 1724 2746 nature

234 2787 343 2813 occur
376 2777 415 2813 in
447 2775 598 2823 Sallust,
630 2777 736 2823 chap.
758 2777 866 2822 xvii„
889 2776 1011 2814 Simul
1031 2776 1222 2821 confisum,
1244 2775 1276 2812 si
1303 2774 1510 2823 conjuratio
1529 2773 1719 2819 valuisset,
