1889 3191
554 232 833 273 SALLUSTII
861 233 1276 272 JUGURTHINUM.
1590 234 1665 270 295

165 347 273 403 Qui,
301 364 584 412 quamquam
619 348 757 395 acciti
789 349 935 404 ibant,
963 355 1122 395 tamen
1154 347 1333 411 placuit
1366 347 1507 394 verba
1541 347 1668 410 apud

162 431 340 495 Regem
364 433 514 481 facere
539 452 551 487 ;
593 432 836 496 ingenium
862 439 944 480 aut
967 449 1185 479 avorsum
1207 432 1278 479 uti
1301 432 1555 487 flecterent,
1584 439 1666 479 aut

161 516 386 578 cupidum
421 517 550 580 pacis
573 518 898 565 vehementius
923 518 1243 565 accenderent.
1315 517 1482 579 Itaque
1517 517 1660 572 Sulla,

160 601 292 665 cujus
325 602 573 658 facundiae,
613 619 709 649 non
743 603 874 650 aetati
908 619 935 649 a
971 602 1153 649 Manlio
1189 617 1479 656 concessum,
1517 616 1665 663 pauca

159 686 300 732 verba
321 686 649 750 hujuscemodi
671 688 872 734 locutus.

229 777 261 797 “
279 772 382 819 Rex
406 772 606 828 Bocche,
634 788 806 834 magna
839 772 974 819 nobis
1010 772 1187 827 laetitia,
1218 774 1325 818 cum
1349 778 1395 818 te
1430 771 1574 818 talem
1598 771 1664 817 vi-

160 871 267 901 rum
316 855 365 902 di
409 871 645 910 monuere,
682 856 751 902 uti
789 856 1038 918 aliquando
1072 872 1251 918 pacem,
1290 858 1430 918 quam
1468 855 1659 911 bellum,

157 940 358 995 malles;
402 957 495 987 neu
534 948 581 988 te
623 948 872 1003 optumum
911 958 1017 988 cum
1057 958 1281 1004 pessumo
1321 942 1531 989 omnium
1578 942 1663 989 Ju-

155 1024 329 1086 gurtha
372 1025 614 1072 miscendo
660 1025 1053 1080 commacuiai'e33
1093 1024 1234 1071 simui
1267 1024 1405 1070 nobis
1453 1024 1662 1070 demeres

157 1109 373 1155 acerbam
396 1109 808 1165 necessitudinem,
831 1110 1006 1172 pariter
1029 1116 1075 1156 te
1095 1115 1328 1156 errantem
1348 1115 1394 1155 et
1417 1109 1550 1155 illum
1567 1124 1664 1154 sce-

154 1192 508 1240 leratissumum
539 1193 799 1255 persequi.2
869 1193 947 1239 Ad
983 1193 1087 1248 hoc,
1126 1193 1304 1255 populo
1329 1193 1544 1238 Romano
1563 1192 1663 1254 jam

154 1278 285 1340 inopi
306 1278 500 1334 visum,3
525 1278 714 1333 amicOS,
744 1279 885 1340 quam
911 1293 1068 1324 servos
1104 1292 1312 1340 quaerere
1333 1294 1344 1322 :
1383 1276 1532 1322 tutius
1554 1275 1660 1330 rati,

154 1362 435 1417 volentibus,
463 1362 602 1424 quam
627 1362 800 1408 coactis
823 1361 1109 1424 imperitare.
1179 1361 1289 1408 Tibi
1302 1360 1411 1408 vero
1427 1361 1556 1407 nulla
1580 1377 1662 1423 op-

154 1447 403 1509 portunior
439 1447 601 1493 nostra
637 1447 870 1493 amicitia:
910 1447 1129 1508 primum,
1170 1445 1294 1509 quod
1327 1445 1492 1508 procul
1525 1446 1663 1493 absu-

156 1549 276 1588 mus,
304 1531 355 1578 in
390 1549 482 1595 quo
518 1532 710 1579 offensae
747 1532 1026 1588 minumum,
1055 1532 1206 1595 gratia
1238 1547 1337 1594 par,
1366 1548 1420 1578 ac
1444 1532 1484 1578 si
1517 1533 1663 1595 prope

158 1618 461 1672 adessemus3
500 1617 622 1672 dein,
652 1616 777 1679 quod
799 1624 1018 1679 parentes
1054 1616 1242 1663 abunde
1276 1617 1521 1672 habemus,
1549 1617 1664 1662 ami-

158 1696 320 1748 corum
344 1718 495 1764 neque
519 1702 670 1757 nobis,
698 1718 850 1764 neque
886 1702 1106 1764 cuiquam
1143 1703 1355 1749 omnium
1381 1703 1509 1749 satis.
1577 1704 1663 1750 At-

158 1802 248 1849 que
272 1787 362 1833 hoc
387 1786 567 1832 utinam
606 1802 632 1832 a
666 1786 897 1848 principio
934 1787 1020 1833 tibi
1055 1787 1336 1850 placuisset!
1373 1789 1583 1850 profecto
1606 1805 1661 1836 ex

208 1991 223 2013 ¹
244 1991 824 2042 Necessitadinem-persequi]
848 1994 873 2028 i.
895 2005 924 2028 e.
955 1993 1212 2040 persequendi.
1274 1993 1311 2029 It
1338 1994 1370 2029 is
1398 1995 1560 2042 nothing
1589 2006 1661 2030 un-

158 2067 331 2094 common
349 2060 389 2091 to
408 2067 467 2092 see
485 2056 550 2092 the
568 2055 754 2092 infinitive
773 2057 970 2104 subjoined
997 2061 1036 2093 to
1055 2057 1293 2093 substantive
1310 2068 1433 2093 nouns
1451 2058 1597 2094 instead
1626 2060 1668 2095 of

158 2122 224 2157 the
241 2119 389 2169 gerund
420 2119 460 2154 in
489 2119 549 2154 di:
582 2118 665 2155 Cat.
687 2130 767 2165 cap.
792 2121 852 2165 17,
877 2119 1022 2163 Quibus
1054 2121 1095 2156 in
1123 2120 1316 2156 otio—vel
1334 2118 1502 2157 molliter
1533 2123 1663 2161 vivere

157 2183 264 2228 copia
295 2187 387 2219 erat.
443 2182 470 2218 J
472 2194 535 2230 ug.
567 2194 648 2229 cap.
671 2184 706 2228 3,
730 2183 874 2220 Lubido
904 2184 1273 2220 tenet—libertatem
1303 2196 1412 2222 suam
1443 2188 1660 2233 gratificari.

160 2247 252 2294 Cap.
274 2247 336 2293 89,
358 2247 508 2293 Majora
527 2251 564 2282 et
583 2257 715 2293 aspera
742 2248 898 2294 adgredi
925 2252 1074 2294 tempus
1101 2248 1239 2284 visum.
1297 2248 1380 2285 Liv.
1403 2251 1464 2296 21,
1487 2262 1567 2298 cap.
1593 2254 1658 2298 54,

157 2309 271 2346 Nunc
289 2321 444 2356 corpora
462 2321 593 2346 curare
610 2314 760 2357 tempus
779 2315 845 2347 est.
904 2310 987 2348 Cor.
1009 2311 1106 2357 Nep.
1129 2311 1294 2359 Lysand,
1309 2324 1388 2360 cap.
1412 2315 1446 2359 3,
1462 2315 1553 2352 Iniit
1572 2328 1661 2353 con-

157 2373 241 2408 silia
260 2372 383 2420 Reges
414 2372 554 2409 tollere.
610 2373 720 2420 Virg.
742 2373 873 2420 Eelog.
896 2374 930 2419 8,
952 2385 990 2409 v.
1013 2375 1074 2420 89,
1097 2374 1200 2411 Talis
1232 2387 1338 2412 amor
1366 2382 1503 2424 teneat,
1533 2391 1602 2417 nec
1629 2382 1662 2418 si

156 2435 253 2471 mihi
270 2447 361 2472 cura
378 2436 528 2472 mederi.
584 2436 732 2472 AEneid.
754 2437 789 2481 2,
811 2448 848 2472 v.
873 2438 934 2481 13,
959 2436 1031 2473 Sed
1051 2438 1082 2473 si
1100 2441 1233 2474 tantus
1261 2450 1366 2475 amor
1393 2452 1502 2478 casus
1520 2454 1660 2491 cogno-

158 2509 258 2536 scere
274 2503 434 2544 nostros,
456 2498 507 2533 Et
524 2499 689 2547 breviter
710 2499 833 2547 Trojae
853 2511 1071 2546 supremum
1089 2501 1190 2537 adire
1208 2502 1497 2542 laborem.—M.

212 2558 228 2580 ⁸
246 2561 397 2608 Populo
419 2561 594 2598 Romano
603 2562 692 2609 jam
712 2562 820 2609 inopi
838 2562 968 2609 visum,
994 2561 1081 2612 &c.]
1114 2564 1194 2600 The
1221 2566 1378 2614 reading
1410 2568 1452 2603 of
1476 2568 1660 2618 Kritzius,

147 2627 236 2674 jam
255 2638 281 2661 a
293 2625 493 2672 princ-ipio
514 2625 647 2660 melius
666 2625 797 2671 visum,
819 2637 977 2672 appears
995 2630 1034 2663 to
1053 2639 1114 2664 me
1133 2629 1247 2664 much
1266 2630 1397 2676 better,
1419 2630 1477 2667 for
1494 2632 1559 2669 the
1577 2645 1663 2670 rea-

158 2700 246 2725 sons
264 2689 313 2723 he
331 2689 401 2723 has
419 2688 536 2735 given
554 2688 594 2723 in
614 2699 637 2724 a
654 2691 753 2734 note,
776 2689 851 2724 and
871 2690 1029 2726 because
1055 2690 1085 2726 it
1104 2690 1136 2727 is
1154 2691 1271 2728 found
1289 2692 1329 2728 in
1347 2697 1448 2731 most
1465 2697 1565 2742 good
1583 2698 1662 2734 edi-

161 2749 374 2788 tions—C.
1527 2757 1531 2760 '
