<?xml version="1.0" encoding="UTF-8"?>
<!DOCTYPE html PUBLIC "-//W3C//DTD XHTML 1.0 Transitional//EN"
    "http://www.w3.org/TR/xhtml1/DTD/xhtml1-transitional.dtd">
<html xmlns="http://www.w3.org/1999/xhtml" xml:lang="en" lang="en">
 <head>
  <title>
</title>
<meta http-equiv="Content-Type" content="text/html;charset=utf-8" />
  <meta name='ocr-system' content='tesseract 3.04.00' />
  <meta name='ocr-capabilities' content='ocr_page ocr_carea ocr_par ocr_line ocrx_word'/>
</head>
<body>
  <div class='ocr_page' id='page_1' title='image "./sallusts00salluoft_0243.png"; bbox 0 0 1889 3191; ppageno 0'>
   <div class='ocr_carea' id='block_1_1' title="bbox 516 213 1637 253">
    <p class='ocr_par' dir='ltr' id='par_1_1' title="bbox 516 213 1637 253">
     <span class='ocr_line' id='line_1_1' title="bbox 516 213 1637 253; baseline -0.001 0"><span class='ocrx_word' id='word_1_1' title='bbox 516 213 794 253; x_wconf 88' lang='lat' dir='ltr'>SALLUSTII</span> <span class='ocrx_word' id='word_1_2' title='bbox 821 215 846 252; x_wconf 82' lang='lat' dir='ltr'><strong>J</strong></span> <span class='ocrx_word' id='word_1_3' title='bbox 851 214 1142 252; x_wconf 75' lang='lat' dir='ltr'>UGURTHIX</span> <span class='ocrx_word' id='word_1_4' title='bbox 1146 215 1239 251; x_wconf 74' lang='grc' dir='ltr'>ΠΜ.</span> <span class='ocrx_word' id='word_1_5' title='bbox 1560 216 1637 252; x_wconf 77' lang='lat'>229</span> 
     </span>
    </p>
   </div>
   <div class='ocr_carea' id='block_1_2' title="bbox 126 330 1640 2113">
    <p class='ocr_par' dir='ltr' id='par_1_2' title="bbox 126 330 1640 2113">
     <span class='ocr_line' id='line_1_2' title="bbox 141 330 1638 394; baseline 0 -15"><span class='ocrx_word' id='word_1_6' title='bbox 141 332 405 379; x_wconf 90' lang='lat' dir='ltr'>Mittuntur</span> <span class='ocrx_word' id='word_1_7' title='bbox 439 331 498 377; x_wconf 91' lang='lat' dir='ltr'>ad</span> <span class='ocrx_word' id='word_1_8' title='bbox 531 332 865 394; x_wconf 85' lang='lat' dir='ltr'><strong>imperatorem</strong></span> <span class='ocrx_word' id='word_1_9' title='bbox 898 331 1071 393; x_wconf 87' lang='lat' dir='ltr'>legati:</span> <span class='ocrx_word' id='word_1_10' title='bbox 1114 330 1457 394; x_wconf 86' lang='lat' dir='ltr'>“Jugurtham</span> <span class='ocrx_word' id='word_1_11' title='bbox 1491 331 1638 394; x_wconf 90' lang='lat' dir='ltr'>impe-</span> 
     </span>
     <span class='ocr_line' id='line_1_3' title="bbox 140 417 1637 481; baseline 0 -18"><span class='ocrx_word' id='word_1_12' title='bbox 140 425 241 465; x_wconf 90' lang='lat' dir='ltr'>rata</span> <span class='ocrx_word' id='word_1_13' title='bbox 262 417 509 473; x_wconf 86' lang='lat' dir='ltr'>facturum,</span> <span class='ocrx_word' id='word_1_14' title='bbox 532 434 586 465; x_wconf 90' lang='lat' dir='ltr'>ac</span> <span class='ocrx_word' id='word_1_15' title='bbox 610 418 710 465; x_wconf 92' lang='lat' dir='ltr'>sine</span> <span class='ocrx_word' id='word_1_16' title='bbox 724 418 820 465; x_wconf 64' lang='lat' dir='ltr'>ulla</span> <span class='ocrx_word' id='word_1_17' title='bbox 836 418 1053 481; x_wconf 84' lang='lat' dir='ltr'>pactione</span> <span class='ocrx_word' id='word_1_18' title='bbox 1073 434 1173 465; x_wconf 91' lang='lat' dir='ltr'>sese</span> <span class='ocrx_word' id='word_1_19' title='bbox 1188 433 1480 480; x_wconf 87' lang='lat' dir='ltr'>regnumque</span> <span class='ocrx_word' id='word_1_20' title='bbox 1500 434 1637 464; x_wconf 91' lang='lat' dir='ltr'>suum</span> 
     </span>
     <span class='ocr_line' id='line_1_4' title="bbox 136 504 1640 567; baseline 0 -18"><span class='ocrx_word' id='word_1_21' title='bbox 136 504 186 550; x_wconf 91' lang='lat' dir='ltr'>in</span> <span class='ocrx_word' id='word_1_22' title='bbox 209 504 334 550; x_wconf 91' lang='lat' dir='ltr'>illius</span> <span class='ocrx_word' id='word_1_23' title='bbox 358 504 499 551; x_wconf 92' lang='lat' dir='ltr'>fidem</span> <span class='ocrx_word' id='word_1_24' title='bbox 523 504 759 551; x_wconf 87' lang='lat' dir='ltr'>tradere.&#39;&#39;</span> <span class='ocrx_word' id='word_1_25' title='bbox 813 505 1040 552; x_wconf 86' lang='lat' dir='ltr'>Metellus</span> <span class='ocrx_word' id='word_1_26' title='bbox 1062 505 1267 567; x_wconf 77' lang='lat' dir='ltr'>propere</span> <span class='ocrx_word' id='word_1_27' title='bbox 1286 510 1482 551; x_wconf 88' lang='lat' dir='ltr'>cunctos</span> <span class='ocrx_word' id='word_1_28' title='bbox 1509 520 1640 550; x_wconf 86' lang='lat' dir='ltr'>sena-</span> 
     </span>
     <span class='ocr_line' id='line_1_5' title="bbox 137 589 1639 654; baseline -0.001 -18"><span class='ocrx_word' id='word_1_29' title='bbox 137 589 246 637; x_wconf 84' lang='lat' dir='ltr'>torii</span> <span class='ocrx_word' id='word_1_30' title='bbox 291 589 485 637; x_wconf 85' lang='lat' dir='ltr'>ordinisl</span> <span class='ocrx_word' id='word_1_31' title='bbox 520 607 578 638; x_wconf 82' lang='lat' dir='ltr'>ex</span> <span class='ocrx_word' id='word_1_32' title='bbox 611 591 822 637; x_wconf 87' lang='lat' dir='ltr'>hibernis</span> <span class='ocrx_word' id='word_1_33' title='bbox 859 591 1073 638; x_wconf 87' lang='lat' dir='ltr'>arcessiri</span> <span class='ocrx_word' id='word_1_34' title='bbox 1101 591 1266 654; x_wconf 82' lang='lat' dir='ltr'>jubet:</span> <span class='ocrx_word' id='word_1_35' title='bbox 1301 606 1463 637; x_wconf 90' lang='lat' dir='ltr'>eorum</span> <span class='ocrx_word' id='word_1_36' title='bbox 1499 596 1639 653; x_wconf 87' lang='lat' dir='ltr'>atque</span> 
     </span>
     <span class='ocr_line' id='line_1_6' title="bbox 136 675 1636 740; baseline 0.001 -19"><span class='ocrx_word' id='word_1_37' title='bbox 136 675 349 732; x_wconf 84' lang='lat' dir='ltr'>aliorum,</span> <span class='ocrx_word' id='word_1_38' title='bbox 387 693 504 740; x_wconf 90' lang='lat' dir='ltr'>quos</span> <span class='ocrx_word' id='word_1_39' title='bbox 543 677 738 725; x_wconf 91' lang='lat' dir='ltr'>idoneos</span> <span class='ocrx_word' id='word_1_40' title='bbox 776 678 988 734; x_wconf 87' lang='lat' dir='ltr'>ducebat,</span> <span class='ocrx_word' id='word_1_41' title='bbox 1037 677 1288 725; x_wconf 87' lang='lat' dir='ltr'>eonsilium</span> <span class='ocrx_word' id='word_1_42' title='bbox 1325 677 1488 724; x_wconf 85' lang='lat' dir='ltr'>habet.</span> <span class='ocrx_word' id='word_1_43' title='bbox 1560 677 1636 724; x_wconf 89' lang='lat' dir='ltr'>Ita</span> 
     </span>
     <span class='ocr_line' id='line_1_7' title="bbox 134 762 1635 827; baseline 0.002 -19"><span class='ocrx_word' id='word_1_44' title='bbox 134 778 263 809; x_wconf 90' lang='lat' dir='ltr'>more</span> <span class='ocrx_word' id='word_1_45' title='bbox 286 762 533 826; x_wconf 84' lang='lat' dir='ltr'>majorum,</span> <span class='ocrx_word' id='word_1_46' title='bbox 561 779 616 810; x_wconf 87' lang='lat' dir='ltr'>ex</span> <span class='ocrx_word' id='word_1_47' title='bbox 640 764 821 811; x_wconf 92' lang='lat' dir='ltr'>consilii</span> <span class='ocrx_word' id='word_1_48' title='bbox 845 764 1045 820; x_wconf 87' lang='lat' dir='ltr'>decreto,</span> <span class='ocrx_word' id='word_1_49' title='bbox 1073 781 1157 827; x_wconf 89' lang='lat' dir='ltr'>per</span> <span class='ocrx_word' id='word_1_50' title='bbox 1178 766 1363 827; x_wconf 89' lang='lat' dir='ltr'>legatos</span> <span class='ocrx_word' id='word_1_51' title='bbox 1377 765 1411 812; x_wconf 88' lang='lat' dir='ltr'><strong>J</strong></span> <span class='ocrx_word' id='word_1_52' title='bbox 1414 763 1635 827; x_wconf 84' lang='lat' dir='ltr'>ugurthae</span> 
     </span>
     <span class='ocr_line' id='line_1_8' title="bbox 134 849 1631 914; baseline 0.001 -19"><span class='ocrx_word' id='word_1_53' title='bbox 134 849 348 911; x_wconf 89' lang='lat' dir='ltr'>imperat,</span> <span class='ocrx_word' id='word_1_54' title='bbox 376 849 559 912; x_wconf 84' lang='lat' dir='ltr'>argenti</span> <span class='ocrx_word' id='word_1_55' title='bbox 581 850 739 912; x_wconf 91' lang='lat' dir='ltr'>pondo</span> <span class='ocrx_word' id='word_1_56' title='bbox 763 851 966 898; x_wconf 80' lang='lat' dir='ltr'>ducenta</span> <span class='ocrx_word' id='word_1_57' title='bbox 982 851 1141 907; x_wconf 88' lang='lat' dir='ltr'>millia,</span> <span class='ocrx_word' id='word_1_58' title='bbox 1161 850 1437 914; x_wconf 89' lang='lat' dir='ltr'>elephantos</span> <span class='ocrx_word' id='word_1_59' title='bbox 1462 849 1631 906; x_wconf 88' lang='lat' dir='ltr'>omnis,</span> 
     </span>
     <span class='ocr_line' id='line_1_9' title="bbox 134 935 1633 1000; baseline 0.002 -20"><span class='ocrx_word' id='word_1_60' title='bbox 134 951 360 997; x_wconf 88' lang='lat' dir='ltr'>equorum</span> <span class='ocrx_word' id='word_1_61' title='bbox 385 941 432 982; x_wconf 83' lang='lat' dir='ltr'>et</span> <span class='ocrx_word' id='word_1_62' title='bbox 455 952 692 983; x_wconf 87' lang='lat' dir='ltr'>armorum</span> <span class='ocrx_word' id='word_1_63' title='bbox 727 937 1037 997; x_wconf 89' lang='lat' dir='ltr'>aliquantum.</span> <span class='ocrx_word' id='word_1_64' title='bbox 1110 937 1231 992; x_wconf 74' lang='lat' dir='ltr'>Quae</span> <span class='ocrx_word' id='word_1_65' title='bbox 1254 943 1508 1000; x_wconf 89' lang='lat' dir='ltr'>postquam</span> <span class='ocrx_word' id='word_1_66' title='bbox 1533 935 1633 983; x_wconf 89' lang='lat' dir='ltr'>sine</span> 
     </span>
     <span class='ocr_line' id='line_1_10' title="bbox 133 1021 1632 1085; baseline 0.001 -19"><span class='ocrx_word' id='word_1_67' title='bbox 133 1021 265 1067; x_wconf 66' lang='lat' dir='ltr'>mora</span> <span class='ocrx_word' id='word_1_68' title='bbox 305 1021 431 1068; x_wconf 89' lang='lat' dir='ltr'>facta</span> <span class='ocrx_word' id='word_1_69' title='bbox 465 1028 590 1077; x_wconf 86' lang='lat' dir='ltr'>sunt,</span> <span class='ocrx_word' id='word_1_70' title='bbox 613 1022 749 1085; x_wconf 87' lang='lat' dir='ltr'>jubet</span> <span class='ocrx_word' id='word_1_71' title='bbox 783 1023 936 1068; x_wconf 89' lang='lat' dir='ltr'>omnis</span> <span class='ocrx_word' id='word_1_72' title='bbox 971 1022 1195 1085; x_wconf 82' lang='lat' dir='ltr'>perfugas</span> <span class='ocrx_word' id='word_1_73' title='bbox 1229 1022 1412 1068; x_wconf 88' lang='lat' dir='ltr'>vinctos</span> <span class='ocrx_word' id='word_1_74' title='bbox 1447 1021 1632 1068; x_wconf 87' lang='lat' dir='ltr'>adduci.</span> 
     </span>
     <span class='ocr_line' id='line_1_11' title="bbox 132 1108 1634 1172; baseline 0.002 -19"><span class='ocrx_word' id='word_1_75' title='bbox 132 1123 293 1154; x_wconf 91' lang='lat' dir='ltr'>eorum</span> <span class='ocrx_word' id='word_1_76' title='bbox 316 1123 489 1170; x_wconf 86' lang='lat' dir='ltr'>magna</span> <span class='ocrx_word' id='word_1_77' title='bbox 510 1125 635 1170; x_wconf 90' lang='lat' dir='ltr'>pars,</span> <span class='ocrx_word' id='word_1_78' title='bbox 661 1115 715 1154; x_wconf 88' lang='lat' dir='ltr'>ut</span> <span class='ocrx_word' id='word_1_79' title='bbox 733 1109 922 1171; x_wconf 87' lang='lat' dir='ltr'>jussum</span> <span class='ocrx_word' id='word_1_80' title='bbox 947 1115 1059 1165; x_wconf 89' lang='lat' dir='ltr'>erat,</span> <span class='ocrx_word' id='word_1_81' title='bbox 1088 1109 1307 1155; x_wconf 80' lang='lat' dir='ltr'>adducti:</span> <span class='ocrx_word' id='word_1_82' title='bbox 1345 1108 1498 1172; x_wconf 89' lang='lat' dir='ltr'>pauci,</span> <span class='ocrx_word' id='word_1_83' title='bbox 1527 1112 1634 1156; x_wconf 77' lang='lat' dir='ltr'>cum</span> 
     </span>
     <span class='ocr_line' id='line_1_12' title="bbox 132 1192 1634 1257; baseline 0.002 -19"><span class='ocrx_word' id='word_1_84' title='bbox 132 1192 337 1255; x_wconf 72' lang='lat' dir='ltr'>primum</span> <span class='ocrx_word' id='word_1_85' title='bbox 373 1192 550 1239; x_wconf 87' lang='lat' dir='ltr'>deditio</span> <span class='ocrx_word' id='word_1_86' title='bbox 573 1194 731 1256; x_wconf 88' lang='lat' dir='ltr'>coepit,</span> <span class='ocrx_word' id='word_1_87' title='bbox 760 1193 819 1240; x_wconf 87' lang='lat' dir='ltr'>ad</span> <span class='ocrx_word' id='word_1_88' title='bbox 844 1195 1022 1257; x_wconf 83' lang='lat' dir='ltr'>Regem</span> <span class='ocrx_word' id='word_1_89' title='bbox 1049 1194 1293 1241; x_wconf 84' lang='lat' dir='ltr'>Bocchum</span> <span class='ocrx_word' id='word_1_90' title='bbox 1328 1194 1377 1239; x_wconf 91' lang='lat' dir='ltr'>in</span> <span class='ocrx_word' id='word_1_91' title='bbox 1402 1193 1634 1241; x_wconf 89' lang='lat' dir='ltr'>Maurita-</span> 
     </span>
     <span class='ocr_line' id='line_1_13' title="bbox 131 1280 1631 1344; baseline 0 -18"><span class='ocrx_word' id='word_1_92' title='bbox 131 1280 258 1326; x_wconf 90' lang='lat' dir='ltr'>niam</span> <span class='ocrx_word' id='word_1_93' title='bbox 282 1280 509 1327; x_wconf 89' lang='lat' dir='ltr'>abierant.</span> <span class='ocrx_word' id='word_1_94' title='bbox 581 1281 736 1344; x_wconf 86' lang='lat' dir='ltr'>Igitur</span> <span class='ocrx_word' id='word_1_95' title='bbox 759 1280 1013 1343; x_wconf 84' lang='lat' dir='ltr'>Jugurtha,</span> <span class='ocrx_word' id='word_1_96' title='bbox 1042 1281 1125 1327; x_wconf 90' lang='lat' dir='ltr'>ubi</span> <span class='ocrx_word' id='word_1_97' title='bbox 1160 1280 1302 1327; x_wconf 89' lang='lat' dir='ltr'>armis</span> <span class='ocrx_word' id='word_1_98' title='bbox 1337 1280 1556 1344; x_wconf 84' lang='lat' dir='ltr'>virisque,</span> <span class='ocrx_word' id='word_1_99' title='bbox 1585 1288 1631 1327; x_wconf 91' lang='lat' dir='ltr'>et</span> 
     </span>
     <span class='ocr_line' id='line_1_14' title="bbox 131 1366 1632 1430; baseline 0.001 -18"><span class='ocrx_word' id='word_1_100' title='bbox 131 1366 328 1428; x_wconf 68' lang='lat' dir='ltr'>pecunia</span> <span class='ocrx_word' id='word_1_101' title='bbox 368 1367 612 1429; x_wconf 88' lang='lat' dir='ltr'>spoliatus,</span> <span class='ocrx_word' id='word_1_102' title='bbox 655 1370 762 1413; x_wconf 76' lang='lat' dir='ltr'>cum</span> <span class='ocrx_word' id='word_1_103' title='bbox 800 1367 902 1430; x_wconf 90' lang='lat' dir='ltr'>ipse</span> <span class='ocrx_word' id='word_1_104' title='bbox 927 1368 987 1414; x_wconf 89' lang='lat' dir='ltr'>ad</span> <span class='ocrx_word' id='word_1_105' title='bbox 1021 1367 1372 1430; x_wconf 77' lang='lat' dir='ltr'>imperandum2</span> <span class='ocrx_word' id='word_1_106' title='bbox 1397 1367 1632 1414; x_wconf 88' lang='lat' dir='ltr'>Tisidium</span> 
     </span>
     <span class='ocr_line' id='line_1_15' title="bbox 130 1453 1630 1515; baseline 0.003 -20"><span class='ocrx_word' id='word_1_107' title='bbox 130 1457 388 1508; x_wconf 77' lang='lat' dir='ltr'>vocaretur,</span> <span class='ocrx_word' id='word_1_108' title='bbox 414 1469 578 1499; x_wconf 88' lang='lat' dir='ltr'>rursus</span> <span class='ocrx_word' id='word_1_109' title='bbox 595 1454 738 1515; x_wconf 89' lang='lat' dir='ltr'>coepit</span> <span class='ocrx_word' id='word_1_110' title='bbox 760 1454 946 1500; x_wconf 88' lang='lat' dir='ltr'>flectere</span> <span class='ocrx_word' id='word_1_111' title='bbox 962 1453 1172 1499; x_wconf 87' lang='lat' dir='ltr'>animum</span> <span class='ocrx_word' id='word_1_112' title='bbox 1195 1470 1350 1509; x_wconf 87' lang='lat' dir='ltr'>suum,</span> <span class='ocrx_word' id='word_1_113' title='bbox 1370 1459 1417 1499; x_wconf 83' lang='lat' dir='ltr'>et</span> <span class='ocrx_word' id='word_1_114' title='bbox 1435 1469 1491 1499; x_wconf 85' lang='lat' dir='ltr'>ex</span> <span class='ocrx_word' id='word_1_115' title='bbox 1508 1453 1630 1499; x_wconf 66' lang='lat' dir='ltr'>mala</span> 
     </span>
     <span class='ocr_line' id='line_1_16' title="bbox 130 1539 1632 1603; baseline 0 -18"><span class='ocrx_word' id='word_1_116' title='bbox 130 1539 415 1587; x_wconf 64' lang='lat' dir='ltr'>conscientia</span> <span class='ocrx_word' id='word_1_117' title='bbox 450 1539 593 1602; x_wconf 89' lang='lat' dir='ltr'>digna</span> <span class='ocrx_word' id='word_1_118' title='bbox 626 1540 808 1587; x_wconf 88' lang='lat' dir='ltr'>timere.</span> <span class='ocrx_word' id='word_1_119' title='bbox 880 1540 1108 1603; x_wconf 87' lang='lat' dir='ltr'>Denique,</span> <span class='ocrx_word' id='word_1_120' title='bbox 1148 1539 1311 1586; x_wconf 88' lang='lat' dir='ltr'>multis</span> <span class='ocrx_word' id='word_1_121' title='bbox 1348 1539 1512 1585; x_wconf 88' lang='lat' dir='ltr'>diebus</span> <span class='ocrx_word' id='word_1_122' title='bbox 1547 1555 1632 1602; x_wconf 87' lang='lat' dir='ltr'>per</span> 
     </span>
     <span class='ocr_line' id='line_1_17' title="bbox 130 1624 1634 1689; baseline -0.001 -18"><span class='ocrx_word' id='word_1_123' title='bbox 130 1625 474 1672; x_wconf 87' lang='lat' dir='ltr'>dubitationem</span> <span class='ocrx_word' id='word_1_124' title='bbox 500 1626 808 1689; x_wconf 87' lang='lat' dir='ltr'>consumptis,</span> <span class='ocrx_word' id='word_1_125' title='bbox 831 1629 937 1672; x_wconf 77' lang='lat' dir='ltr'>cum</span> <span class='ocrx_word' id='word_1_126' title='bbox 960 1625 1101 1672; x_wconf 80' lang='lat' dir='ltr'>modo</span> <span class='ocrx_word' id='word_1_127' title='bbox 1124 1625 1267 1671; x_wconf 85' lang='lat' dir='ltr'>taedio</span> <span class='ocrx_word' id='word_1_128' title='bbox 1282 1641 1439 1671; x_wconf 83' lang='lat' dir='ltr'>rerum</span> <span class='ocrx_word' id='word_1_129' title='bbox 1466 1624 1634 1671; x_wconf 78' lang='lat' dir='ltr'>advor-</span> 
     </span>
     <span class='ocr_line' id='line_1_18' title="bbox 130 1711 1629 1775; baseline -0.001 -16"><span class='ocrx_word' id='word_1_130' title='bbox 130 1729 286 1759; x_wconf 91' lang='lat' dir='ltr'>sarum</span> <span class='ocrx_word' id='word_1_131' title='bbox 310 1712 469 1759; x_wconf 90' lang='lat' dir='ltr'>omnia</span> <span class='ocrx_word' id='word_1_132' title='bbox 489 1713 612 1759; x_wconf 90' lang='lat' dir='ltr'>bello</span> <span class='ocrx_word' id='word_1_133' title='bbox 636 1713 819 1775; x_wconf 85' lang='lat' dir='ltr'>potiora</span> <span class='ocrx_word' id='word_1_134' title='bbox 843 1713 1062 1767; x_wconf 77' lang='lat' dir='ltr'>(luceret3</span> <span class='ocrx_word' id='word_1_135' title='bbox 1088 1712 1327 1757; x_wconf 84' lang='lat' dir='ltr'>interdum</span> <span class='ocrx_word' id='word_1_136' title='bbox 1353 1727 1512 1758; x_wconf 87' lang='lat' dir='ltr'>secum</span> <span class='ocrx_word' id='word_1_137' title='bbox 1527 1711 1629 1773; x_wconf 88' lang='lat' dir='ltr'>ipse</span> 
     </span>
     <span class='ocr_line' id='line_1_19' title="bbox 127 1796 1626 1862; baseline -0.002 -17"><span class='ocrx_word' id='word_1_138' title='bbox 127 1805 381 1862; x_wconf 87' lang='lat' dir='ltr'>reputaret,</span> <span class='ocrx_word' id='word_1_139' title='bbox 408 1801 546 1862; x_wconf 68' lang='lat' dir='ltr'>quam</span> <span class='ocrx_word' id='word_1_140' title='bbox 570 1799 724 1861; x_wconf 74' lang='lat' dir='ltr'>gravis</span> <span class='ocrx_word' id='word_1_141' title='bbox 739 1815 874 1845; x_wconf 73' lang='lat' dir='ltr'>casus</span> <span class='ocrx_word' id='word_1_142' title='bbox 898 1799 948 1844; x_wconf 84' lang='lat' dir='ltr'>in</span> <span class='ocrx_word' id='word_1_143' title='bbox 968 1798 1209 1845; x_wconf 67' lang='lat' dir='ltr'>servitium</span> <span class='ocrx_word' id='word_1_144' title='bbox 1227 1814 1283 1844; x_wconf 80' lang='lat' dir='ltr'>ex</span> <span class='ocrx_word' id='word_1_145' title='bbox 1306 1813 1451 1859; x_wconf 89' lang='lat' dir='ltr'>regno</span> <span class='ocrx_word' id='word_1_146' title='bbox 1475 1796 1596 1843; x_wconf 87' lang='lat' dir='ltr'>foret</span> <span class='ocrx_word' id='word_1_147' title='bbox 1615 1817 1626 1851; x_wconf 82' lang='lat'>3</span> 
     </span>
     <span class='ocr_line' id='line_1_20' title="bbox 128 1881 1628 1949; baseline -0.003 -17"><span class='ocrx_word' id='word_1_148' title='bbox 128 1886 292 1933; x_wconf 87' lang='lat' dir='ltr'>multis</span> <span class='ocrx_word' id='word_1_149' title='bbox 315 1886 591 1949; x_wconf 87' lang='lat' dir='ltr'>magnisque</span> <span class='ocrx_word' id='word_1_150' title='bbox 615 1885 850 1948; x_wconf 81' lang='lat' dir='ltr'>praesidiis</span> <span class='ocrx_word' id='word_1_151' title='bbox 886 1883 1203 1947; x_wconf 78' lang='lat' dir='ltr'>nequidquam</span> <span class='ocrx_word' id='word_1_152' title='bbox 1239 1883 1450 1946; x_wconf 86' lang='lat' dir='ltr'>perditis,</span> <span class='ocrx_word' id='word_1_153' title='bbox 1479 1882 1536 1929; x_wconf 91' lang='lat' dir='ltr'>de</span> <span class='ocrx_word' id='word_1_154' title='bbox 1558 1881 1628 1927; x_wconf 91' lang='lat' dir='ltr'>in-</span> 
     </span>
     <span class='ocr_line' id='line_1_21' title="bbox 126 1969 1627 2035; baseline -0.003 -16"><span class='ocrx_word' id='word_1_155' title='bbox 126 1980 258 2035; x_wconf 87' lang='lat' dir='ltr'>tegro</span> <span class='ocrx_word' id='word_1_156' title='bbox 282 1972 457 2019; x_wconf 91' lang='lat' dir='ltr'>bellum</span> <span class='ocrx_word' id='word_1_157' title='bbox 484 1972 643 2018; x_wconf 78' lang='lat' dir='ltr'>sumit.</span> <span class='ocrx_word' id='word_1_158' title='bbox 712 1972 879 2017; x_wconf 79' lang='lat' dir='ltr'>Romae</span> <span class='ocrx_word' id='word_1_159' title='bbox 916 1980 1120 2026; x_wconf 78' lang='lat' dir='ltr'>senatus,</span> <span class='ocrx_word' id='word_1_160' title='bbox 1150 1970 1207 2017; x_wconf 88' lang='lat' dir='ltr'>de</span> <span class='ocrx_word' id='word_1_161' title='bbox 1231 1969 1484 2032; x_wconf 72' lang='lat' dir='ltr'>provinciis</span> <span class='ocrx_word' id='word_1_162' title='bbox 1519 1984 1627 2015; x_wconf 89' lang='lat' dir='ltr'>con-</span> 
     </span>
     <span class='ocr_line' id='line_1_22' title="bbox 127 2057 1126 2113; baseline -0.002 -9"><span class='ocrx_word' id='word_1_163' title='bbox 127 2058 292 2113; x_wconf 81' lang='lat' dir='ltr'>sultUS,</span> <span class='ocrx_word' id='word_1_164' title='bbox 320 2057 598 2104; x_wconf 88' lang='lat' dir='ltr'>Numidiam</span> <span class='ocrx_word' id='word_1_165' title='bbox 624 2057 820 2103; x_wconf 81' lang='lat' dir='ltr'>Metello</span> <span class='ocrx_word' id='word_1_166' title='bbox 846 2057 1126 2103; x_wconf 82' lang='lat' dir='ltr'>decreverat.</span> 
     </span>
    </p>
   </div>
   <div class='ocr_carea' id='block_1_3' title="bbox 122 2242 1625 2873">
    <p class='ocr_par' dir='ltr' id='par_1_3' title="bbox 123 2242 1625 2411">
     <span class='ocr_line' id='line_1_23' title="bbox 180 2242 1625 2294; baseline -0.001 -13"><span class='ocrx_word' id='word_1_167' title='bbox 180 2244 308 2281; x_wconf 88' lang='lat' dir='ltr'>LXII.</span> <span class='ocrx_word' id='word_1_168' title='bbox 338 2243 350 2266; x_wconf 85' lang='lat'><strong>¹</strong></span> <span class='ocrx_word' id='word_1_169' title='bbox 379 2246 546 2283; x_wconf 82' lang='lat' dir='ltr'>Cunctos</span> <span class='ocrx_word' id='word_1_170' title='bbox 564 2246 751 2281; x_wconf 81' lang='lat' dir='ltr'>senatorii</span> <span class='ocrx_word' id='word_1_171' title='bbox 770 2244 952 2294; x_wconf 55' lang='lat' dir='ltr'>ordinis]</span> <span class='ocrx_word' id='word_1_172' title='bbox 984 2245 1087 2282; x_wconf 82' lang='lat' dir='ltr'>Most</span> <span class='ocrx_word' id='word_1_173' title='bbox 1107 2243 1147 2280; x_wconf 83' lang='lat' dir='ltr'>of</span> <span class='ocrx_word' id='word_1_174' title='bbox 1161 2244 1227 2280; x_wconf 88' lang='lat' dir='ltr'>the</span> <span class='ocrx_word' id='word_1_175' title='bbox 1254 2243 1483 2279; x_wconf 84' lang='lat' dir='ltr'>lieutenants</span> <span class='ocrx_word' id='word_1_176' title='bbox 1502 2242 1542 2279; x_wconf 85' lang='lat' dir='ltr'>in</span> <span class='ocrx_word' id='word_1_177' title='bbox 1561 2243 1625 2279; x_wconf 89' lang='lat' dir='ltr'>the</span> 
     </span>
     <span class='ocr_line' id='line_1_24' title="bbox 127 2308 1622 2358; baseline 0 -14"><span class='ocrx_word' id='word_1_178' title='bbox 127 2309 276 2346; x_wconf 86' lang='lat' dir='ltr'>Roman</span> <span class='ocrx_word' id='word_1_179' title='bbox 294 2311 440 2357; x_wconf 86' lang='lat' dir='ltr'>armies,</span> <span class='ocrx_word' id='word_1_180' title='bbox 461 2322 581 2358; x_wconf 86' lang='lat' dir='ltr'>many</span> <span class='ocrx_word' id='word_1_181' title='bbox 599 2311 640 2346; x_wconf 86' lang='lat' dir='ltr'>of</span> <span class='ocrx_word' id='word_1_182' title='bbox 655 2311 719 2346; x_wconf 88' lang='lat' dir='ltr'>the</span> <span class='ocrx_word' id='word_1_183' title='bbox 737 2310 916 2355; x_wconf 88' lang='lat' dir='ltr'>tribunes,</span> <span class='ocrx_word' id='word_1_184' title='bbox 939 2311 1014 2345; x_wconf 85' lang='lat' dir='ltr'>and</span> <span class='ocrx_word' id='word_1_185' title='bbox 1027 2308 1242 2356; x_wconf 80' lang='lat' dir='ltr'>frequently</span> <span class='ocrx_word' id='word_1_186' title='bbox 1256 2308 1321 2344; x_wconf 90' lang='lat' dir='ltr'>the</span> <span class='ocrx_word' id='word_1_187' title='bbox 1335 2311 1529 2355; x_wconf 81' lang='lat' dir='ltr'>quaestorS,</span> <span class='ocrx_word' id='word_1_188' title='bbox 1550 2312 1622 2354; x_wconf 86' lang='lat' dir='ltr'>too,</span> 
     </span>
     <span class='ocr_line' id='line_1_25' title="bbox 123 2375 531 2411; baseline 0.007 -3"><span class='ocrx_word' id='word_1_189' title='bbox 123 2385 220 2410; x_wconf 83' lang='lat' dir='ltr'>were</span> <span class='ocrx_word' id='word_1_190' title='bbox 238 2375 531 2411; x_wconf 62' lang='lat' dir='ltr'>senators-M.</span> 
     </span>
    </p>

    <p class='ocr_par' dir='ltr' id='par_1_4' title="bbox 122 2436 1623 2748">
     <span class='ocr_line' id='line_1_26' title="bbox 177 2436 1622 2490; baseline -0.002 -14"><span class='ocrx_word' id='word_1_191' title='bbox 177 2438 192 2460; x_wconf 81' lang='lat'><strong>²</strong></span> <span class='ocrx_word' id='word_1_192' title='bbox 211 2441 279 2476; x_wconf 87' lang='lat' dir='ltr'>Ad</span> <span class='ocrx_word' id='word_1_193' title='bbox 294 2439 596 2490; x_wconf 70' lang='lat' dir='ltr'>imperandum]</span> <span class='ocrx_word' id='word_1_194' title='bbox 628 2441 708 2476; x_wconf 89' lang='lat' dir='ltr'>The</span> <span class='ocrx_word' id='word_1_195' title='bbox 744 2441 910 2488; x_wconf 77' lang='lat' dir='ltr'>gerunds</span> <span class='ocrx_word' id='word_1_196' title='bbox 947 2451 1010 2476; x_wconf 89' lang='lat' dir='ltr'>are</span> <span class='ocrx_word' id='word_1_197' title='bbox 1043 2437 1260 2486; x_wconf 77' lang='lat' dir='ltr'>frequently</span> <span class='ocrx_word' id='word_1_198' title='bbox 1296 2438 1388 2473; x_wconf 88' lang='lat' dir='ltr'>used</span> <span class='ocrx_word' id='word_1_199' title='bbox 1419 2436 1622 2485; x_wconf 81' lang='lat' dir='ltr'>passively.</span> 
     </span>
     <span class='ocr_line' id='line_1_27' title="bbox 125 2501 1622 2553; baseline -0.003 -9"><span class='ocrx_word' id='word_1_200' title='bbox 125 2506 216 2553; x_wconf 85' lang='lat' dir='ltr'>Cap.</span> <span class='ocrx_word' id='word_1_201' title='bbox 240 2507 274 2552; x_wconf 89' lang='lat'>5,</span> <span class='ocrx_word' id='word_1_202' title='bbox 298 2505 383 2550; x_wconf 87' lang='lat' dir='ltr'>Quo</span> <span class='ocrx_word' id='word_1_203' title='bbox 402 2506 450 2543; x_wconf 84' lang='lat' dir='ltr'>ad</span> <span class='ocrx_word' id='word_1_204' title='bbox 469 2506 769 2553; x_wconf 85' lang='lat' dir='ltr'>cognoscendum</span> <span class='ocrx_word' id='word_1_205' title='bbox 788 2505 915 2540; x_wconf 86' lang='lat' dir='ltr'>omnia</span> <span class='ocrx_word' id='word_1_206' title='bbox 932 2504 1093 2540; x_wconf 82' lang='lat' dir='ltr'>illustria</span> <span class='ocrx_word' id='word_1_207' title='bbox 1112 2501 1309 2551; x_wconf 79' lang='lat' dir='ltr'>magiSque</span> <span class='ocrx_word' id='word_1_208' title='bbox 1328 2503 1368 2538; x_wconf 89' lang='lat' dir='ltr'>in</span> <span class='ocrx_word' id='word_1_209' title='bbox 1387 2506 1515 2549; x_wconf 83' lang='lat' dir='ltr'>aperto</span> <span class='ocrx_word' id='word_1_210' title='bbox 1534 2503 1622 2539; x_wconf 84' lang='lat' dir='ltr'>sint.</span> 
     </span>
     <span class='ocr_line' id='line_1_28' title="bbox 125 2568 1621 2618; baseline -0.003 -9"><span class='ocrx_word' id='word_1_211' title='bbox 125 2572 219 2609; x_wconf 88' lang='lat' dir='ltr'>Caes.</span> <span class='ocrx_word' id='word_1_212' title='bbox 240 2573 292 2608; x_wconf 88' lang='lat' dir='ltr'>vi.</span> <span class='ocrx_word' id='word_1_213' title='bbox 315 2571 414 2610; x_wconf 86' lang='lat' dir='ltr'>Gall.</span> <span class='ocrx_word' id='word_1_214' title='bbox 435 2583 516 2618; x_wconf 90' lang='lat' dir='ltr'>cap.</span> <span class='ocrx_word' id='word_1_215' title='bbox 539 2573 574 2616; x_wconf 78' lang='lat'>2,</span> <span class='ocrx_word' id='word_1_216' title='bbox 598 2570 762 2608; x_wconf 86' lang='lat' dir='ltr'>Senones</span> <span class='ocrx_word' id='word_1_217' title='bbox 795 2572 844 2606; x_wconf 88' lang='lat' dir='ltr'>ad</span> <span class='ocrx_word' id='word_1_218' title='bbox 871 2571 1134 2617; x_wconf 83' lang='lat' dir='ltr'>imperandum</span> <span class='ocrx_word' id='word_1_219' title='bbox 1164 2581 1239 2606; x_wconf 90' lang='lat' dir='ltr'>non</span> <span class='ocrx_word' id='word_1_220' title='bbox 1258 2569 1398 2606; x_wconf 78' lang='lat' dir='ltr'>venire.</span> <span class='ocrx_word' id='word_1_221' title='bbox 1454 2568 1579 2605; x_wconf 85' lang='lat' dir='ltr'>Varro</span> <span class='ocrx_word' id='word_1_222' title='bbox 1597 2570 1621 2606; x_wconf 87' lang='lat' dir='ltr'>i.</span> 
     </span>
     <span class='ocr_line' id='line_1_29' title="bbox 123 2634 1623 2683; baseline -0.001 -11"><span class='ocrx_word' id='word_1_223' title='bbox 123 2636 168 2672; x_wconf 91' lang='lat' dir='ltr'>de</span> <span class='ocrx_word' id='word_1_224' title='bbox 188 2636 234 2672; x_wconf 83' lang='lat' dir='ltr'>R.</span> <span class='ocrx_word' id='word_1_225' title='bbox 257 2636 303 2672; x_wconf 89' lang='lat' dir='ltr'>R.</span> <span class='ocrx_word' id='word_1_226' title='bbox 324 2647 406 2683; x_wconf 88' lang='lat' dir='ltr'>cap.</span> <span class='ocrx_word' id='word_1_227' title='bbox 437 2637 498 2681; x_wconf 86' lang='lat'>20,</span> <span class='ocrx_word' id='word_1_228' title='bbox 533 2635 679 2671; x_wconf 73' lang='lat' dir='ltr'>DIebus</span> <span class='ocrx_word' id='word_1_229' title='bbox 707 2635 836 2682; x_wconf 80' lang='lat' dir='ltr'>paucis</span> <span class='ocrx_word' id='word_1_230' title='bbox 868 2636 984 2671; x_wconf 86' lang='lat' dir='ltr'>boves</span> <span class='ocrx_word' id='word_1_231' title='bbox 1017 2639 1126 2671; x_wconf 84' lang='lat' dir='ltr'>erunt</span> <span class='ocrx_word' id='word_1_232' title='bbox 1159 2635 1208 2670; x_wconf 84' lang='lat' dir='ltr'>ad</span> <span class='ocrx_word' id='word_1_233' title='bbox 1240 2634 1473 2670; x_wconf 85' lang='lat' dir='ltr'>domandum</span> <span class='ocrx_word' id='word_1_234' title='bbox 1499 2635 1623 2681; x_wconf 88' lang='lat' dir='ltr'>proni.</span> 
     </span>
     <span class='ocr_line' id='line_1_30' title="bbox 122 2697 1501 2748; baseline -0.002 -12"><span class='ocrx_word' id='word_1_235' title='bbox 122 2700 147 2736; x_wconf 86' lang='lat' dir='ltr'><strong>J</strong></span> <span class='ocrx_word' id='word_1_236' title='bbox 151 2701 262 2737; x_wconf 83' lang='lat' dir='ltr'>ustin.</span> <span class='ocrx_word' id='word_1_237' title='bbox 287 2703 347 2747; x_wconf 86' lang='lat'>17,</span> <span class='ocrx_word' id='word_1_238' title='bbox 369 2713 450 2748; x_wconf 86' lang='lat' dir='ltr'>cap.</span> <span class='ocrx_word' id='word_1_239' title='bbox 473 2703 508 2747; x_wconf 88' lang='lat'>3,</span> <span class='ocrx_word' id='word_1_240' title='bbox 529 2701 700 2737; x_wconf 62' lang='lat' dir='ltr'>Athenas</span> <span class='ocrx_word' id='word_1_241' title='bbox 720 2712 868 2748; x_wconf 89' lang='lat' dir='ltr'>quoque</span> <span class='ocrx_word' id='word_1_242' title='bbox 887 2701 1078 2736; x_wconf 85' lang='lat' dir='ltr'>erudiendi</span> <span class='ocrx_word' id='word_1_243' title='bbox 1097 2697 1222 2748; x_wconf 66' lang='lat' dir='ltr'>gratia</span> <span class='ocrx_word' id='word_1_244' title='bbox 1240 2697 1501 2736; x_wconf 79' lang='lat' dir='ltr'>missus.-M.</span> 
     </span>
    </p>

    <p class='ocr_par' dir='ltr' id='par_1_5' title="bbox 177 2764 1162 2816">
     <span class='ocr_line' id='line_1_31' title="bbox 177 2764 1162 2816; baseline -0.002 -13"><span class='ocrx_word' id='word_1_245' title='bbox 177 2765 244 2803; x_wconf 84' lang='lat' dir='ltr'>Ad</span> <span class='ocrx_word' id='word_1_246' title='bbox 260 2764 563 2816; x_wconf 71' lang='lat' dir='ltr'>imperandum]</span> <span class='ocrx_word' id='word_1_247' title='bbox 596 2765 665 2803; x_wconf 91' lang='lat' dir='ltr'>See</span> <span class='ocrx_word' id='word_1_248' title='bbox 682 2770 769 2802; x_wconf 88' lang='lat' dir='ltr'>note</span> <span class='ocrx_word' id='word_1_249' title='bbox 787 2776 836 2802; x_wconf 87' lang='lat' dir='ltr'>on</span> <span class='ocrx_word' id='word_1_250' title='bbox 854 2765 879 2802; x_wconf 86' lang='lat' dir='ltr'>J</span> <span class='ocrx_word' id='word_1_251' title='bbox 883 2777 945 2813; x_wconf 87' lang='lat' dir='ltr'>ug.</span> <span class='ocrx_word' id='word_1_252' title='bbox 967 2777 998 2803; x_wconf 90' lang='lat' dir='ltr'>c.</span> <span class='ocrx_word' id='word_1_253' title='bbox 1021 2765 1162 2803; x_wconf 83' lang='lat' dir='ltr'><strong>5.-C.</strong></span> 
     </span>
    </p>

    <p class='ocr_par' dir='ltr' id='par_1_6' title="bbox 1387 2843 1424 2873">
     <span class='ocr_line' id='line_1_32' title="bbox 1387 2843 1424 2873; baseline 0 0"><span class='ocrx_word' id='word_1_254' title='bbox 1387 2843 1424 2873; x_wconf 89' lang='lat' dir='ltr'>X</span> 
     </span>
    </p>
   </div>
  </div>
 </body>
</html>
