1889 3191
319 228 337 263 1
345 228 365 263 6
371 229 392 263 2
689 227 965 266 SALLUSTII
991 227 1405 268 JUGURTHINUM.

318 341 539 404 adeptum
563 358 663 390 sese
686 343 813 390 videt
834 365 845 399 3
883 352 1062 391 certum
1083 351 1228 402 ratus,
1255 344 1382 408 quod
1405 360 1464 392 ex
1484 344 1647 392 amicis
1671 344 1798 407 apud

317 424 626 475 Numantiam
652 435 905 490 acceperat,
932 428 1089 475 omnia
1102 429 1269 476 Romae
1291 430 1472 477 venalia
1494 446 1626 484 esse;
1660 429 1800 477 simul

318 519 365 557 et
397 511 584 558 illorum
624 512 1038 574 pollicitationibus
1072 528 1307 568 accensus,
1351 530 1467 577 quos
1498 514 1655 577 paullo
1689 514 1801 561 ante

318 596 589 643 muneribus
613 597 889 658 expleverat,
916 597 967 643 in
989 612 1185 659 regnum
1203 597 1486 645 Adherbalis
1498 598 1710 647 animum
1731 598 1802 645 in·

318 680 509 726 tendit.2
577 681 687 741 Ipse
711 696 829 735 acer,
855 680 1132 728 bellicosus:
1159 687 1209 728 at
1230 681 1287 737 is,
1314 698 1453 744 quem
1476 683 1678 745 petebat,
1704 682 1803 746 qui-

320 773 438 818 etus,
464 764 679 819 imbellis,
703 764 886 826 placido
919 764 1122 827 ingenio,
1158 772 1451 828 opportunus
1473 766 1671 830 injuriae,
1707 783 1805 814 me-

319 857 456 896 tuens
486 850 634 912 magis
679 851 817 912 quam
855 849 1151 897 metuendus.
1220 851 1387 913 Igitur,
1435 867 1491 898 ex
1533 851 1801 913 improviso,

318 931 426 977 finis
451 930 550 993 ejus
569 947 676 978 cum
690 932 864 993 magna
880 947 1023 978 manu
1038 931 1210 979 invasit
1230 952 1242 988 ;
1259 932 1434 979 multos
1451 932 1677 988 mortalis,
1698 947 1804 979 cum

321 1031 486 1078 pecore
504 1022 642 1078 atque
665 1015 754 1062 alia
776 1015 938 1079 praeda
960 1016 1100 1079 capit,
1119 1016 1318 1064 aedificia
1339 1016 1561 1073 incendit,
1587 1016 1806 1080 pleraque

319 1101 420 1147 loca
443 1101 681 1149 hostiliter
705 1117 811 1148 cum
836 1102 1046 1164 equitatu
1064 1101 1257 1148 accedit.
1281 1101 1389 1149 dein
1412 1117 1519 1148 cum
1537 1100 1666 1148 omni
1688 1101 1806 1147 mul-

321 1185 523 1232 titudine
545 1186 594 1232 in
628 1202 825 1249 regnum
860 1203 998 1233 suum
1033 1186 1290 1233 convertit:
1328 1185 1615 1233 existumans
1650 1186 1807 1233 dolore

321 1279 586 1331 permotum
610 1270 926 1318 Adherbalem
947 1271 1142 1334 injurias
1162 1287 1269 1317 suas
1287 1286 1431 1317 manu
1445 1269 1802 1326 vindicaturum,

323 1369 516 1416 eamque
538 1369 637 1399 rem
660 1352 771 1399 belli
794 1369 1007 1399 caussam
1042 1353 1156 1400 fore.
1227 1353 1294 1399 At
1316 1352 1408 1408 ille,
1437 1351 1562 1415 quod
1584 1367 1734 1415 neque
1758 1367 1806 1398 50

321 1454 478 1499 parem
517 1437 657 1483 armis
696 1437 1020 1492 existumabat,
1062 1443 1108 1484 01
1149 1436 1352 1483 amicitia
1386 1436 1550 1499 populi
1586 1436 1802 1491 Romani,

321 1525 483 1585 magis,
511 1524 648 1585 quam
674 1522 895 1569 Numidis
918 1522 1066 1569 fretus
1090 1528 1188 1569 erat
1205 1542 1217 1577 ;
1234 1521 1412 1584 legatos
1436 1521 1496 1568 ad
1516 1522 1550 1569 J
1553 1521 1806 1583 ugurtham

323 1609 378 1654 de
402 1608 583 1671 injuriis
606 1616 822 1670 questum
841 1607 970 1654 misit
988 1626 997 1653 ε
1026 1607 1106 1669 qui
1128 1607 1316 1653 tametsi
1330 1606 1667 1653 contumeliosa
1685 1606 1808 1652 dicta

321 1693 591 1748 retulerant,
619 1693 749 1755 prius
774 1703 930 1739 tamen
945 1692 1102 1738 omnia
1125 1691 1224 1754 pati
1239 1691 1455 1746 decrevit,
1478 1693 1617 1753 quam
1632 1691 1806 1737 bellum

321 1794 502 1824 sumere
525 1797 534 1823 :
573 1778 694 1839 quia,
741 1784 972 1823 tentatum
1009 1777 1144 1823 antea
1180 1779 1311 1823 secus
1352 1783 1568 1822 cesserat.
1638 1775 1806 1836 Neque

323 1871 482 1909 tamen
507 1866 557 1908 οὀ
593 1863 744 1924 magis
785 1861 955 1923 cupido
993 1861 1245 1923 Jugurthae
1270 1861 1597 1916 minuebatur3
1635 1861 1807 1923 quippe

320 1949 398 2009 qui
432 1954 585 1993 totum
621 1948 721 2010 ejus
758 1963 952 2009 regnum
988 1947 1142 1993 animo
1170 1946 1269 2009 jam
1305 1947 1552 1994 invaserat.
1625 1947 1804 2009 Itaque,

319 2047 414 2077 non
438 2039 491 2077 ut
514 2034 662 2087 antea,
690 2048 795 2078 cum
820 2032 1101 2094 praedatoria
1124 2049 1282 2088 manu,
1306 2033 1385 2079 sed
1404 2049 1575 2095 magno
1601 2034 1808 2080 exercitu

319 2122 603 2178 comparato,
629 2116 803 2163 bellum
828 2132 985 2179 gerere
1020 2117 1177 2179 coepit,
1205 2123 1250 2163 et
1284 2118 1446 2179 aperte
1470 2117 1614 2163 totius
1640 2117 1806 2164 Numi-

320 2201 410 2247 diae
433 2201 681 2263 imperium
717 2208 888 2263 petere.
960 2200 1213 2256 Caeterum,
1252 2202 1340 2264 qua
1374 2202 1611 2263 pergebat,
1649 2203 1801 2258 urbes,

319 2302 456 2349 agros
479 2293 672 2341 vastare,
699 2287 884 2349 praedas
908 2302 1041 2349 agere
1062 2306 1075 2341 ;
1108 2287 1204 2333 suis
1222 2287 1443 2342 animum,
1461 2294 1683 2334 terrorem
1700 2287 1807 2334 hos-

322 2372 450 2420 tibus
474 2387 659 2433 augere.

324 2528 409 2563 that
427 2529 491 2564 the
509 2528 629 2564 better
655 2527 738 2563 half
761 2527 802 2563 of
815 2527 1005 2572 Numidia,
1026 2527 1172 2564 instead
1197 2527 1238 2564 of
1252 2527 1317 2565 the
1334 2527 1435 2564 third
1463 2532 1557 2574 part,
1578 2528 1702 2565 which
1728 2540 1805 2564 was

326 2589 376 2625 all
395 2590 441 2624 he
459 2590 535 2625 had
553 2589 796 2626 before—M.

376 2650 392 2671 ²
414 2652 461 2687 In
481 2653 855 2699 reynum-animum
884 2653 1091 2703 iudendit]
1124 2654 1210 2691 Vid.
1235 2654 1402 2691 Perizon.
1425 2655 1473 2692 ad
1500 2654 1626 2693 Sanct.
1647 2666 1683 2702 p.
1714 2656 1801 2693 553.

327 2718 423 2756 -C,

1870 2738 1889 3191 g
