1889 3191
518 260 796 300 SALLUSTII
822 259 848 296 J
851 258 1240 298 UGURTHINUM.
1553 258 1574 293 2
1581 259 1629 293 99

131 381 329 427 hiberna
363 380 684 426 Romanorum
717 376 1136 437 profisciscuntur:
1173 372 1346 420 deinde
1393 372 1560 420 itinere
1605 376 1633 419 a

137 465 339 513 Graetulis
360 463 620 511 latronibus
655 459 962 510 circumventi
997 458 1294 522 spoliatique,
1319 456 1494 520 pavidi,
1533 457 1633 504 sine

136 551 301 598 decore
324 549 384 596 ad
421 549 599 596 Sullam
634 547 941 611 perfugiunt3
979 561 1118 608 quem
1144 543 1324 591 Consul
1355 543 1408 589 in
1443 543 1632 605 expedi·

134 637 312 682 tionem
334 634 634 697 proficiscens
657 649 743 696 pro
762 632 971 679 Praetore
985 630 1252 692 reliquerat.
1325 629 1421 675 Eos
1443 627 1523 675 ille
1538 644 1635 674 non

134 736 222 783 pro
245 721 377 767 vanis
399 720 634 776 hostibus,
661 725 715 766 ut
737 719 895 767 meriti
917 725 1065 775 erant,
1094 718 1177 765 sed
1200 719 1419 765 adcurate
1443 735 1496 765 ac
1518 718 1634 765 libe-

137 803 294 849 raliter
328 802 495 849 habuit
513 801 547 849 :³
584 802 676 866 qua
714 819 764 850 re
797 802 985 849 barbari
1025 807 1072 848 et
1106 801 1280 848 famam
1315 801 1637 848 Romanorum

137 887 343 933 avaritiae
379 886 561 943 falsam,
612 893 658 934 et
697 886 890 942 Sullam,
931 886 990 932 ob
1025 884 1398 931 munificentiam
1431 884 1483 930 in
1515 899 1633 938 sese,

138 971 340 1018 amicum
364 972 471 1018 rati.
541 973 669 1019 Nam
703 972 846 1019 etiam
871 978 973 1018 tum
1006 970 1194 1033 largitio
1217 970 1381 1017 multis
1414 970 1583 1032 ignara
1606 971 1639 1015 :⁴

138 1058 390 1104 munificus
424 1074 562 1105 nemo
601 1059 871 1122 putabatur,
922 1058 1016 1105 nisi
1049 1058 1222 1121 pariter
1268 1057 1461 1104 volens:
1516 1057 1640 1104 dona

141 1144 301 1190 omnia
323 1145 374 1190 in
394 1145 685 1207 benignitate
699 1145 1010 1192 habebantur.
1081 1144 1236 1206 Igitur
1255 1143 1494 1199 Quaestori
1510 1160 1641 1190 man-

141 1228 251 1275 data
274 1230 451 1276 Bocchi
482 1229 787 1292 patefaciunt,
815 1229 957 1275 simul
990 1229 1048 1275 ab
1072 1245 1127 1275 eo
1161 1235 1346 1291 petunt,
1377 1231 1446 1274 uti
1483 1229 1642 1275 fautor

143 1316 473 1378 consultorque
519 1315 609 1361 sibi
649 1314 810 1362 adsit:
853 1314 1026 1377 copias,
1065 1312 1224 1368 fidem,
1266 1313 1641 1375 magnitudinem

144 1400 290 1462 Regis
315 1400 402 1456 sui,
430 1408 475 1447 et
499 1400 601 1455 alia,
630 1416 736 1463 quae
772 1405 853 1446 aut
877 1399 1025 1454 utilia,
1055 1405 1137 1445 aut
1159 1397 1519 1445 benevolentiae⁵
1544 1415 1641 1445 cre-

145 1486 332 1542 debant,
373 1487 583 1534 oratione
620 1485 885 1533 extollunt:
929 1484 1036 1531 dein
1073 1484 1201 1531 Sulla
1235 1484 1394 1530 omnia
1415 1483 1641 1546 pollicito,

146 1572 287 1627 docti,
315 1588 408 1634 quo
430 1572 572 1619 modo
587 1571 714 1634 apud
739 1571 964 1625 Marium,
986 1570 1100 1616 item
1125 1568 1252 1631 apud
1276 1575 1491 1616 senatum
1505 1569 1647 1616 verba

146 1658 364 1713 facerent,
393 1657 585 1704 circitur
610 1657 709 1704 dies
732 1657 796 1703 xl.
818 1656 996 1703 ibidem
1020 1655 1346 1718 opperiuntur.

213 1739 343 1786 CIV.
381 1739 566 1786 Marius
589 1745 857 1802 postquam,
884 1737 1057 1785 infecto
1094 1753 1185 1799 quo
1207 1735 1474 1783 intenderat
1506 1751 1647 1798 nego—

147 1824 249 1881 tio,l
272 1825 454 1872 Cirtam
476 1825 628 1879 redit3
653 1825 711 1872 de
732 1824 939 1871 adventu
972 1824 1235 1887 legatorum
1270 1822 1439 1870 certior
1475 1823 1645 1877 factus,

202 2016 217 2038 ³
238 2016 662 2068 Adcurate-habuit]
683 2015 879 2055 Adcurate
893 2018 1030 2054 habere
1042 2021 1109 2062 est,
1125 2028 1213 2053 cum
1228 2015 1318 2052 cura
1332 2020 1506 2062 tractare,
1522 2017 1652 2053 omnia

151 2084 412 2131 circumpioere
431 2081 609 2131 studiose,
630 2095 715 2132 quae
734 2084 783 2120 ad
801 2083 947 2120 cultum
965 2081 1277 2130 pertinent—M.

205 2147 220 2168 ⁴
239 2148 422 2196 Laryitio
440 2148 572 2184 multis
589 2145 765 2197 iynara]
796 2147 966 2196 Largitio
992 2146 1178 2184 invidiose
1198 2150 1381 2192 usurpata
1401 2151 1468 2191 est,
1488 2157 1556 2193 pro
1574 2146 1651 2182 lar-

149 2215 292 2262 gitione
309 2214 388 2259 tali,
404 2225 490 2261 quae
517 2212 568 2249 sit
585 2213 664 2249 sine
690 2210 963 2257 benevolentia,
984 2210 1201 2248 ambitionis
1226 2214 1380 2247 tantum
1398 2215 1436 2247 et
1463 2211 1521 2247 sui
1549 2222 1653 2248 com-

151 2280 254 2316 modi
281 2276 437 2316 caussa:
467 2290 552 2326 quae
581 2289 624 2315 eo
655 2282 823 2325 tempore
856 2278 987 2314 Romae
1019 2273 1261 2323 potissimum
1282 2275 1507 2313 invaluerat.
1566 2276 1651 2313 Cat.

152 2358 233 2393 cap.
255 2347 291 2392 3,
310 2345 492 2391 Audacia,
512 2344 676 2392 largitio,
697 2344 868 2389 avaritia,
885 2341 1190 2390 vigebant.—M.

207 2409 223 2430 ⁵
242 2410 324 2446 Aut
340 2409 467 2455 utilia,
488 2414 559 2445 aut
577 2405 878 2456 benevolentia]
901 2405 1024 2444 Utilia
1041 2405 1221 2454 intelligit
1239 2405 1431 2442 Romanis.
1463 2404 1656 2443 Solemnes

155 2477 336 2515 dictiones
354 2476 400 2511 de
418 2475 526 2511 sociis
544 2477 634 2510 sunt
650 2473 750 2519 boni,
771 2472 894 2509 utiles.
934 2471 1217 2507 Benevolentiae
1243 2470 1411 2517 positum
1428 2475 1486 2508 est
1503 2482 1571 2518 pro
1589 2472 1656 2508 be-

155 2540 380 2579 nevolentiae
396 2539 494 2587 Regi
512 2549 579 2575 suo
597 2538 838 2575 conciliandae
853 2551 862 2583 3
883 2537 1004 2574 andis
1024 2538 1090 2573 the
1108 2536 1297 2584 genitive3
1317 2536 1384 2573 the
1401 2537 1655 2574 construction

156 2607 245 2642 here
261 2605 377 2652 being
407 2603 474 2640 the
503 2613 607 2639 same
639 2613 682 2639 as
712 2602 799 2638 that
827 2601 869 2637 of
884 2601 1047 2649 gloriosa
1064 2597 1190 2646 modo,
1210 2611 1333 2647 neque
1350 2599 1439 2636 belli
1466 2601 1656 2647 patrandi.

159 2670 229 2708 See
246 2680 327 2716 cap.
349 2668 412 2714 88,
431 2672 520 2704 note
540 2667 687 2704 3.-Μ,

212 2735 317 2774 CIV.
348 2730 361 2754 ¹
383 2733 532 2784 Infecta
551 2744 624 2781 quo
653 2731 875 2768 intenderat
905 2726 1090 2778 neyotia]
1121 2728 1296 2776 Plerique
1322 2728 1553 2776 interpretes,
1583 2740 1658 2776 quo

156 2799 368 2837 intenderat
385 2797 576 2844 accipiunt
601 2807 670 2843 pro
689 2791 766 2843 quo
786 2794 975 2841 profectus
1002 2796 1093 2838 erat,
1113 2797 1152 2829 et
1178 2792 1235 2829 ita
1250 2792 1327 2829 fere
1346 2792 1392 2829 de
1418 2792 1551 2830 itinere
1571 2791 1657 2830 Cir-
