<?xml version="1.0" encoding="UTF-8"?>
<!DOCTYPE html PUBLIC "-//W3C//DTD XHTML 1.0 Transitional//EN"
    "http://www.w3.org/TR/xhtml1/DTD/xhtml1-transitional.dtd">
<html xmlns="http://www.w3.org/1999/xhtml" xml:lang="en" lang="en">
 <head>
  <title>
</title>
<meta http-equiv="Content-Type" content="text/html;charset=utf-8" />
  <meta name='ocr-system' content='tesseract 3.04.00' />
  <meta name='ocr-capabilities' content='ocr_page ocr_carea ocr_par ocr_line ocrx_word'/>
</head>
<body>
  <div class='ocr_page' id='page_1' title='image "./sallusts00salluoft_0098.png"; bbox 0 0 1889 3191; ppageno 0'>
   <div class='ocr_carea' id='block_1_1' title="bbox 255 258 1278 300">
    <p class='ocr_par' dir='ltr' id='par_1_1' title="bbox 255 258 1278 300">
     <span class='ocr_line' id='line_1_1' title="bbox 255 258 1278 300; baseline 0.008 -9"><span class='ocrx_word' id='word_1_1' title='bbox 255 258 303 292; x_wconf 74' lang='lat' dir='ltr'>8ss</span> <span class='ocrx_word' id='word_1_2' title='bbox 707 259 985 300; x_wconf 84' lang='lat' dir='ltr'>SALLUSTII</span> <span class='ocrx_word' id='word_1_3' title='bbox 1013 260 1278 300; x_wconf 83' lang='lat' dir='ltr'>CATILINA.</span> 
     </span>
    </p>
   </div>
   <div class='ocr_carea' id='block_1_2' title="bbox 259 373 1747 523">
    <p class='ocr_par' dir='ltr' id='par_1_2' title="bbox 259 373 1747 523">
     <span class='ocr_line' id='line_1_2' title="bbox 260 373 1747 442; baseline 0.003 -24"><span class='ocrx_word' id='word_1_4' title='bbox 260 373 497 436; x_wconf 86' lang='lat' dir='ltr'>impellere</span> <span class='ocrx_word' id='word_1_5' title='bbox 519 381 726 438; x_wconf 90' lang='lat' dir='ltr'>potuere,</span> <span class='ocrx_word' id='word_1_6' title='bbox 756 378 823 424; x_wconf 90' lang='lat' dir='ltr'>uti</span> <span class='ocrx_word' id='word_1_7' title='bbox 846 394 929 442; x_wconf 93' lang='lat' dir='ltr'>per</span> <span class='ocrx_word' id='word_1_8' title='bbox 952 379 1244 442; x_wconf 84' lang='lat' dir='ltr'>Allobroges,</span> <span class='ocrx_word' id='word_1_9' title='bbox 1288 384 1368 425; x_wconf 92' lang='lat' dir='ltr'>aut</span> <span class='ocrx_word' id='word_1_10' title='bbox 1401 394 1485 441; x_wconf 87' lang='lat' dir='ltr'>per</span> <span class='ocrx_word' id='word_1_11' title='bbox 1509 378 1651 425; x_wconf 88' lang='lat' dir='ltr'>alium</span> <span class='ocrx_word' id='word_1_12' title='bbox 1674 376 1747 424; x_wconf 75' lang='lat' dir='ltr'>in-</span> 
     </span>
     <span class='ocr_line' id='line_1_3' title="bbox 259 455 1743 523; baseline 0.003 -22"><span class='ocrx_word' id='word_1_13' title='bbox 259 455 424 512; x_wconf 87' lang='lat' dir='ltr'>dicem,</span> <span class='ocrx_word' id='word_1_14' title='bbox 452 456 507 504; x_wconf 91' lang='lat' dir='ltr'>C.</span> <span class='ocrx_word' id='word_1_15' title='bbox 535 457 695 505; x_wconf 89' lang='lat' dir='ltr'>Caesar</span> <span class='ocrx_word' id='word_1_16' title='bbox 717 459 833 506; x_wconf 86' lang='lat' dir='ltr'>falso</span> <span class='ocrx_word' id='word_1_17' title='bbox 858 461 1193 507; x_wconf 86' lang='lat' dir='ltr'>nominaretur.</span> <span class='ocrx_word' id='word_1_18' title='bbox 1265 461 1390 507; x_wconf 90' lang='lat' dir='ltr'>Nam</span> <span class='ocrx_word' id='word_1_19' title='bbox 1413 467 1612 523; x_wconf 88' lang='lat' dir='ltr'>uterque</span> <span class='ocrx_word' id='word_1_20' title='bbox 1636 475 1743 505; x_wconf 88' lang='lat' dir='ltr'>cum</span> 
     </span>
    </p>
   </div>
   <div class='ocr_carea' id='block_1_3' title="bbox 256 541 1764 1716">
    <p class='ocr_par' dir='ltr' id='par_1_3' title="bbox 256 541 1764 1716">
     <span class='ocr_line' id='line_1_4' title="bbox 262 541 1746 610; baseline 0.003 -23"><span class='ocrx_word' id='word_1_21' title='bbox 262 541 342 589; x_wconf 90' lang='lat' dir='ltr'>illo</span> <span class='ocrx_word' id='word_1_22' title='bbox 379 544 533 605; x_wconf 85' lang='lat' dir='ltr'>gravis</span> <span class='ocrx_word' id='word_1_23' title='bbox 570 544 840 592; x_wconf 89' lang='lat' dir='ltr'>inimicitias</span> <span class='ocrx_word' id='word_1_24' title='bbox 878 546 1184 593; x_wconf 85' lang='lat' dir='ltr'>exercebant:</span> <span class='ocrx_word' id='word_1_25' title='bbox 1223 547 1334 593; x_wconf 93' lang='lat' dir='ltr'>Piso</span> <span class='ocrx_word' id='word_1_26' title='bbox 1375 547 1673 610; x_wconf 79' lang='lat' dir='ltr'>obpugnatus</span> <span class='ocrx_word' id='word_1_27' title='bbox 1695 545 1746 591; x_wconf 93' lang='lat' dir='ltr'>in</span> 
     </span>
     <span class='ocr_line' id='line_1_5' title="bbox 256 628 1749 694; baseline 0.001 -20"><span class='ocrx_word' id='word_1_28' title='bbox 256 628 434 690; x_wconf 88' lang='lat' dir='ltr'>judicio</span> <span class='ocrx_word' id='word_1_29' title='bbox 473 630 852 691; x_wconf 89' lang='lat' dir='ltr'>repetundarum,</span> <span class='ocrx_word' id='word_1_30' title='bbox 893 638 1085 693; x_wconf 89' lang='lat' dir='ltr'>propter</span> <span class='ocrx_word' id='word_1_31' title='bbox 1130 631 1373 694; x_wconf 84' lang='lat' dir='ltr'>cujusdam</span> <span class='ocrx_word' id='word_1_32' title='bbox 1409 629 1749 694; x_wconf 86' lang='lat' dir='ltr'>Transpadani¹</span> 
     </span>
     <span class='ocr_line' id='line_1_6' title="bbox 263 715 1750 779; baseline 0.001 -20"><span class='ocrx_word' id='word_1_33' title='bbox 263 715 543 777; x_wconf 89' lang='lat' dir='ltr'>supplicium</span> <span class='ocrx_word' id='word_1_34' title='bbox 561 715 821 777; x_wconf 86' lang='lat' dir='ltr'>injustum:</span> <span class='ocrx_word' id='word_1_35' title='bbox 862 716 1058 763; x_wconf 82' lang='lat' dir='ltr'>Catulus</span> <span class='ocrx_word' id='word_1_36' title='bbox 1095 733 1152 763; x_wconf 82' lang='lat' dir='ltr'>ex</span> <span class='ocrx_word' id='word_1_37' title='bbox 1187 717 1412 779; x_wconf 91' lang='lat' dir='ltr'>petitione</span> <span class='ocrx_word' id='word_1_38' title='bbox 1449 716 1750 779; x_wconf 65' lang='lat' dir='ltr'>pontificatus</span> 
     </span>
     <span class='ocr_line' id='line_1_7' title="bbox 264 796 1751 860; baseline 0.001 -18"><span class='ocrx_word' id='word_1_39' title='bbox 264 796 371 842; x_wconf 89' lang='lat' dir='ltr'>odio</span> <span class='ocrx_word' id='word_1_40' title='bbox 395 797 626 852; x_wconf 82' lang='lat' dir='ltr'>incensuS,</span> <span class='ocrx_word' id='word_1_41' title='bbox 654 797 778 860; x_wconf 75' lang='lat' dir='ltr'>quod</span> <span class='ocrx_word' id='word_1_42' title='bbox 801 798 1007 844; x_wconf 62' lang='lat' dir='ltr'>extrema</span> <span class='ocrx_word' id='word_1_43' title='bbox 1043 804 1196 854; x_wconf 79' lang='lat' dir='ltr'>aetate,</span> <span class='ocrx_word' id='word_1_44' title='bbox 1237 799 1469 845; x_wconf 84' lang='lat' dir='ltr'>maxumis</span> <span class='ocrx_word' id='word_1_45' title='bbox 1491 798 1751 845; x_wconf 87' lang='lat' dir='ltr'>honoribus</span> 
     </span>
     <span class='ocr_line' id='line_1_8' title="bbox 262 881 1750 936; baseline 0.002 -10"><span class='ocrx_word' id='word_1_46' title='bbox 262 897 392 936; x_wconf 89' lang='lat' dir='ltr'>usus,</span> <span class='ocrx_word' id='word_1_47' title='bbox 433 881 490 927; x_wconf 93' lang='lat' dir='ltr'>ab</span> <span class='ocrx_word' id='word_1_48' title='bbox 527 882 871 929; x_wconf 90' lang='lat' dir='ltr'>adolescentulo</span> <span class='ocrx_word' id='word_1_49' title='bbox 903 883 1091 929; x_wconf 90' lang='lat' dir='ltr'>Caesare</span> <span class='ocrx_word' id='word_1_50' title='bbox 1114 884 1266 930; x_wconf 75' lang='lat' dir='ltr'>victus</span> <span class='ocrx_word' id='word_1_51' title='bbox 1291 884 1584 931; x_wconf 80' lang='lat' dir='ltr'>discesserat.</span> <span class='ocrx_word' id='word_1_52' title='bbox 1655 885 1750 930; x_wconf 87' lang='lat' dir='ltr'>Res</span> 
     </span>
     <span class='ocr_line' id='line_1_9' title="bbox 266 967 1754 1032; baseline 0.003 -21"><span class='ocrx_word' id='word_1_53' title='bbox 266 973 422 1012; x_wconf 85' lang='lat' dir='ltr'>autem</span> <span class='ocrx_word' id='word_1_54' title='bbox 458 974 722 1029; x_wconf 91' lang='lat' dir='ltr'>opportuna</span> <span class='ocrx_word' id='word_1_55' title='bbox 757 967 1053 1023; x_wconf 80' lang='lat' dir='ltr'>videbatur;2</span> <span class='ocrx_word' id='word_1_56' title='bbox 1089 968 1213 1031; x_wconf 76' lang='lat' dir='ltr'>quod</span> <span class='ocrx_word' id='word_1_57' title='bbox 1251 968 1470 1031; x_wconf 76' lang='lat' dir='ltr'>privatim</span> <span class='ocrx_word' id='word_1_58' title='bbox 1494 969 1677 1032; x_wconf 65' lang='lat' dir='ltr'>egregia</span> <span class='ocrx_word' id='word_1_59' title='bbox 1699 970 1754 1016; x_wconf 87' lang='lat' dir='ltr'>li-</span> 
     </span>
     <span class='ocr_line' id='line_1_10' title="bbox 266 1050 1754 1118; baseline 0.005 -22"><span class='ocrx_word' id='word_1_60' title='bbox 266 1050 522 1105; x_wconf 69' lang='lat' dir='ltr'>beralitate,</span> <span class='ocrx_word' id='word_1_61' title='bbox 549 1052 735 1114; x_wconf 78' lang='lat' dir='ltr'>publice</span> <span class='ocrx_word' id='word_1_62' title='bbox 770 1053 1002 1099; x_wconf 80' lang='lat' dir='ltr'>maxumis</span> <span class='ocrx_word' id='word_1_63' title='bbox 1038 1054 1330 1100; x_wconf 81' lang='lat' dir='ltr'>muneribus3</span> <span class='ocrx_word' id='word_1_64' title='bbox 1367 1055 1593 1117; x_wconf 89' lang='lat' dir='ltr'>grandem</span> <span class='ocrx_word' id='word_1_65' title='bbox 1616 1072 1754 1118; x_wconf 90' lang='lat' dir='ltr'>pecu-</span> 
     </span>
     <span class='ocr_line' id='line_1_11' title="bbox 266 1137 1755 1190; baseline 0.005 -8"><span class='ocrx_word' id='word_1_66' title='bbox 266 1137 393 1182; x_wconf 86' lang='lat' dir='ltr'>niam</span> <span class='ocrx_word' id='word_1_67' title='bbox 426 1137 638 1184; x_wconf 89' lang='lat' dir='ltr'>debebat.</span> <span class='ocrx_word' id='word_1_68' title='bbox 710 1138 802 1185; x_wconf 91' lang='lat' dir='ltr'>Sed</span> <span class='ocrx_word' id='word_1_69' title='bbox 836 1139 918 1185; x_wconf 91' lang='lat' dir='ltr'>ubi</span> <span class='ocrx_word' id='word_1_70' title='bbox 956 1139 1209 1186; x_wconf 87' lang='lat' dir='ltr'>Consulem</span> <span class='ocrx_word' id='word_1_71' title='bbox 1245 1140 1304 1186; x_wconf 89' lang='lat' dir='ltr'>ad</span> <span class='ocrx_word' id='word_1_72' title='bbox 1349 1146 1534 1187; x_wconf 90' lang='lat' dir='ltr'>tantum</span> <span class='ocrx_word' id='word_1_73' title='bbox 1574 1141 1755 1190; x_wconf 85' lang='lat' dir='ltr'>facinus</span> 
     </span>
     <span class='ocr_line' id='line_1_12' title="bbox 270 1221 1757 1291; baseline 0.005 -23"><span class='ocrx_word' id='word_1_74' title='bbox 270 1221 506 1285; x_wconf 85' lang='lat' dir='ltr'>impellere</span> <span class='ocrx_word' id='word_1_75' title='bbox 529 1231 782 1286; x_wconf 89' lang='lat' dir='ltr'>nequeunt,</span> <span class='ocrx_word' id='word_1_76' title='bbox 809 1224 900 1287; x_wconf 88' lang='lat' dir='ltr'>ipsi</span> <span class='ocrx_word' id='word_1_77' title='bbox 925 1225 1195 1287; x_wconf 80' lang='lat' dir='ltr'>singulatim</span> <span class='ocrx_word' id='word_1_78' title='bbox 1235 1226 1579 1283; x_wconf 90' lang='lat' dir='ltr'>circumeundo,</span> <span class='ocrx_word' id='word_1_79' title='bbox 1619 1234 1757 1291; x_wconf 91' lang='lat' dir='ltr'>atque</span> 
     </span>
     <span class='ocr_line' id='line_1_13' title="bbox 271 1307 1760 1374; baseline 0.004 -22"><span class='ocrx_word' id='word_1_80' title='bbox 271 1307 587 1363; x_wconf 87' lang='lat' dir='ltr'>ementiundo,</span> <span class='ocrx_word' id='word_1_81' title='bbox 637 1324 742 1370; x_wconf 84' lang='lat' dir='ltr'>quae</span> <span class='ocrx_word' id='word_1_82' title='bbox 793 1324 842 1354; x_wconf 92' lang='lat' dir='ltr'>se</span> <span class='ocrx_word' id='word_1_83' title='bbox 895 1325 950 1355; x_wconf 80' lang='lat' dir='ltr'>ex</span> <span class='ocrx_word' id='word_1_84' title='bbox 995 1309 1251 1365; x_wconf 75' lang='lat' dir='ltr'>Volturcio,</span> <span class='ocrx_word' id='word_1_85' title='bbox 1300 1316 1381 1356; x_wconf 90' lang='lat' dir='ltr'>aut</span> <span class='ocrx_word' id='word_1_86' title='bbox 1427 1310 1760 1374; x_wconf 86' lang='lat' dir='ltr'>Allobrogibus</span> 
     </span>
     <span class='ocr_line' id='line_1_14' title="bbox 268 1391 1753 1456; baseline 0.006 -20"><span class='ocrx_word' id='word_1_87' title='bbox 268 1391 452 1438; x_wconf 81' lang='lat' dir='ltr'>audisse</span> <span class='ocrx_word' id='word_1_88' title='bbox 493 1392 714 1447; x_wconf 90' lang='lat' dir='ltr'>dicerent,</span> <span class='ocrx_word' id='word_1_89' title='bbox 763 1409 982 1456; x_wconf 85' lang='lat' dir='ltr'>magnam</span> <span class='ocrx_word' id='word_1_90' title='bbox 1028 1394 1097 1440; x_wconf 91' lang='lat' dir='ltr'>illi</span> <span class='ocrx_word' id='word_1_91' title='bbox 1143 1394 1364 1441; x_wconf 79' lang='lat' dir='ltr'>invidiam</span> <span class='ocrx_word' id='word_1_92' title='bbox 1412 1397 1753 1456; x_wconf 81' lang='lat' dir='ltr'>conflaverant;</span> 
     </span>
     <span class='ocr_line' id='line_1_15' title="bbox 273 1477 1763 1543; baseline 0.008 -22"><span class='ocrx_word' id='word_1_93' title='bbox 273 1493 418 1539; x_wconf 90' lang='lat' dir='ltr'>usque</span> <span class='ocrx_word' id='word_1_94' title='bbox 443 1477 510 1532; x_wconf 68' lang='lat' dir='ltr'>eb,</span> <span class='ocrx_word' id='word_1_95' title='bbox 535 1484 589 1524; x_wconf 90' lang='lat' dir='ltr'>ut</span> <span class='ocrx_word' id='word_1_96' title='bbox 612 1479 825 1525; x_wconf 91' lang='lat' dir='ltr'>nonnulli</span> <span class='ocrx_word' id='word_1_97' title='bbox 849 1479 1027 1542; x_wconf 88' lang='lat' dir='ltr'>equites</span> <span class='ocrx_word' id='word_1_98' title='bbox 1044 1480 1258 1536; x_wconf 88' lang='lat' dir='ltr'>Romani,</span> <span class='ocrx_word' id='word_1_99' title='bbox 1279 1481 1358 1543; x_wconf 87' lang='lat' dir='ltr'>qui</span> <span class='ocrx_word' id='word_1_100' title='bbox 1375 1482 1585 1543; x_wconf 79' lang='lat' dir='ltr'>praesidii</span> <span class='ocrx_word' id='word_1_101' title='bbox 1599 1501 1763 1533; x_wconf 83' lang='lat' dir='ltr'>caussa</span> 
     </span>
     <span class='ocr_line' id='line_1_16' title="bbox 274 1564 1764 1634; baseline 0.007 -26"><span class='ocrx_word' id='word_1_102' title='bbox 274 1579 380 1609; x_wconf 89' lang='lat' dir='ltr'>cum</span> <span class='ocrx_word' id='word_1_103' title='bbox 406 1564 509 1610; x_wconf 91' lang='lat' dir='ltr'>telis</span> <span class='ocrx_word' id='word_1_104' title='bbox 533 1571 664 1610; x_wconf 88' lang='lat' dir='ltr'>erant</span> <span class='ocrx_word' id='word_1_105' title='bbox 692 1564 864 1611; x_wconf 89' lang='lat' dir='ltr'>circum</span> <span class='ocrx_word' id='word_1_106' title='bbox 890 1565 1200 1621; x_wconf 53' lang='lat' dir='ltr'>Concordiae?</span> <span class='ocrx_word' id='word_1_107' title='bbox 1239 1582 1321 1613; x_wconf 89' lang='lat' dir='ltr'>seu</span> <span class='ocrx_word' id='word_1_108' title='bbox 1355 1567 1547 1629; x_wconf 89' lang='lat' dir='ltr'>periculi</span> <span class='ocrx_word' id='word_1_109' title='bbox 1584 1573 1764 1634; x_wconf 87' lang='lat' dir='ltr'>magni-</span> 
     </span>
     <span class='ocr_line' id='line_1_17' title="bbox 274 1650 1763 1716; baseline 0.007 -21"><span class='ocrx_word' id='word_1_110' title='bbox 274 1650 451 1707; x_wconf 85' lang='lat' dir='ltr'>tudine,</span> <span class='ocrx_word' id='word_1_111' title='bbox 481 1666 563 1696; x_wconf 90' lang='lat' dir='ltr'>seu</span> <span class='ocrx_word' id='word_1_112' title='bbox 587 1650 730 1697; x_wconf 85' lang='lat' dir='ltr'>animi</span> <span class='ocrx_word' id='word_1_113' title='bbox 753 1651 1017 1699; x_wconf 88' lang='lat' dir='ltr'>nobilitate⁵</span> <span class='ocrx_word' id='word_1_114' title='bbox 1042 1652 1248 1715; x_wconf 91' lang='lat' dir='ltr'>impulsi,</span> <span class='ocrx_word' id='word_1_115' title='bbox 1277 1655 1366 1716; x_wconf 78' lang='lat' dir='ltr'>quo</span> <span class='ocrx_word' id='word_1_116' title='bbox 1391 1655 1601 1703; x_wconf 88' lang='lat' dir='ltr'>studium</span> <span class='ocrx_word' id='word_1_117' title='bbox 1627 1674 1763 1705; x_wconf 89' lang='lat' dir='ltr'>suum</span> 
     </span>
    </p>
   </div>
   <div class='ocr_carea' id='block_1_4' title="bbox 279 1815 1784 2811">
    <p class='ocr_par' dir='ltr' id='par_1_4' title="bbox 279 1815 1769 1993">
     <span class='ocr_line' id='line_1_18' title="bbox 330 1815 1769 1867; baseline 0.003 -15"><span class='ocrx_word' id='word_1_118' title='bbox 330 1816 476 1852; x_wconf 83' lang='lat' dir='ltr'>XLIX.</span> <span class='ocrx_word' id='word_1_119' title='bbox 499 1815 508 1837; x_wconf 90' lang='lat'>¹</span> <span class='ocrx_word' id='word_1_120' title='bbox 535 1816 743 1865; x_wconf 80' lang='lat' dir='ltr'>annsdam</span> <span class='ocrx_word' id='word_1_121' title='bbox 764 1816 1070 1867; x_wconf 64' lang='lat' dir='ltr'>Transpadani]</span> <span class='ocrx_word' id='word_1_122' title='bbox 1101 1817 1380 1864; x_wconf 80' lang='lat' dir='ltr'>Transpadani</span> <span class='ocrx_word' id='word_1_123' title='bbox 1395 1819 1546 1854; x_wconf 88' lang='lat' dir='ltr'>denotes</span> <span class='ocrx_word' id='word_1_124' title='bbox 1559 1818 1624 1855; x_wconf 89' lang='lat' dir='ltr'>the</span> <span class='ocrx_word' id='word_1_125' title='bbox 1638 1821 1769 1866; x_wconf 85' lang='lat' dir='ltr'>people</span> 
     </span>
     <span class='ocr_line' id='line_1_19' title="bbox 279 1880 1769 1928; baseline 0.001 -12"><span class='ocrx_word' id='word_1_126' title='bbox 279 1882 365 1918; x_wconf 84' lang='lat' dir='ltr'>who</span> <span class='ocrx_word' id='word_1_127' title='bbox 383 1882 484 1919; x_wconf 80' lang='lat' dir='ltr'>lived</span> <span class='ocrx_word' id='word_1_128' title='bbox 504 1896 550 1920; x_wconf 90' lang='lat' dir='ltr'>on</span> <span class='ocrx_word' id='word_1_129' title='bbox 570 1884 634 1920; x_wconf 87' lang='lat' dir='ltr'>the</span> <span class='ocrx_word' id='word_1_130' title='bbox 652 1883 764 1919; x_wconf 87' lang='lat' dir='ltr'>north</span> <span class='ocrx_word' id='word_1_131' title='bbox 784 1882 860 1918; x_wconf 90' lang='lat' dir='ltr'>side</span> <span class='ocrx_word' id='word_1_132' title='bbox 879 1882 921 1918; x_wconf 86' lang='lat' dir='ltr'>of</span> <span class='ocrx_word' id='word_1_133' title='bbox 934 1883 998 1918; x_wconf 90' lang='lat' dir='ltr'>the</span> <span class='ocrx_word' id='word_1_134' title='bbox 1027 1881 1092 1917; x_wconf 89' lang='lat' dir='ltr'>Po.</span> <span class='ocrx_word' id='word_1_135' title='bbox 1151 1880 1276 1918; x_wconf 77' lang='lat' dir='ltr'>Caesar</span> <span class='ocrx_word' id='word_1_136' title='bbox 1307 1892 1384 1917; x_wconf 85' lang='lat' dir='ltr'>was</span> <span class='ocrx_word' id='word_1_137' title='bbox 1411 1881 1510 1917; x_wconf 89' lang='lat' dir='ltr'>their</span> <span class='ocrx_word' id='word_1_138' title='bbox 1527 1886 1672 1928; x_wconf 88' lang='lat' dir='ltr'>patron,</span> <span class='ocrx_word' id='word_1_139' title='bbox 1694 1883 1769 1919; x_wconf 88' lang='lat' dir='ltr'>and</span> 
     </span>
     <span class='ocr_line' id='line_1_20' title="bbox 279 1944 1501 1993; baseline 0 -14"><span class='ocrx_word' id='word_1_140' title='bbox 279 1946 354 1980; x_wconf 82' lang='lat' dir='ltr'>had</span> <span class='ocrx_word' id='word_1_141' title='bbox 374 1947 488 1982; x_wconf 80' lang='lat' dir='ltr'>taken</span> <span class='ocrx_word' id='word_1_142' title='bbox 508 1952 593 1993; x_wconf 80' lang='lat' dir='ltr'>part</span> <span class='ocrx_word' id='word_1_143' title='bbox 613 1947 706 1982; x_wconf 86' lang='lat' dir='ltr'>with</span> <span class='ocrx_word' id='word_1_144' title='bbox 725 1946 829 1982; x_wconf 89' lang='lat' dir='ltr'>them</span> <span class='ocrx_word' id='word_1_145' title='bbox 849 1945 886 1980; x_wconf 90' lang='lat' dir='ltr'>in</span> <span class='ocrx_word' id='word_1_146' title='bbox 906 1945 981 1981; x_wconf 83' lang='lat' dir='ltr'>this</span> <span class='ocrx_word' id='word_1_147' title='bbox 995 1956 1105 1980; x_wconf 88' lang='lat' dir='ltr'>cause</span> <span class='ocrx_word' id='word_1_148' title='bbox 1123 1945 1272 1991; x_wconf 84' lang='lat' dir='ltr'>against</span> <span class='ocrx_word' id='word_1_149' title='bbox 1293 1944 1501 1980; x_wconf 66' lang='lat' dir='ltr'>Piso—M.</span> 
     </span>
    </p>

    <p class='ocr_par' dir='ltr' id='par_1_5' title="bbox 280 2005 1762 2119">
     <span class='ocr_line' id='line_1_21' title="bbox 331 2005 1762 2056; baseline 0.001 -13"><span class='ocrx_word' id='word_1_150' title='bbox 331 2006 345 2028; x_wconf 73' lang='lat'>²</span> <span class='ocrx_word' id='word_1_151' title='bbox 376 2009 449 2045; x_wconf 81' lang='lat' dir='ltr'>Res</span> <span class='ocrx_word' id='word_1_152' title='bbox 468 2016 592 2045; x_wconf 73' lang='lat' dir='ltr'>autem</span> <span class='ocrx_word' id='word_1_153' title='bbox 621 2013 840 2056; x_wconf 79' lang='lat' dir='ltr'>opportuna</span> <span class='ocrx_word' id='word_1_154' title='bbox 869 2005 1101 2056; x_wconf 68' lang='lat' dir='ltr'>videbatur]</span> <span class='ocrx_word' id='word_1_155' title='bbox 1160 2007 1245 2043; x_wconf 90' lang='lat' dir='ltr'>Hoc</span> <span class='ocrx_word' id='word_1_156' title='bbox 1262 2006 1371 2043; x_wconf 78' lang='lat' dir='ltr'>vult:</span> <span class='ocrx_word' id='word_1_157' title='bbox 1406 2006 1458 2042; x_wconf 86' lang='lat' dir='ltr'>Id</span> <span class='ocrx_word' id='word_1_158' title='bbox 1480 2012 1617 2054; x_wconf 80' lang='lat' dir='ltr'>autem,</span> <span class='ocrx_word' id='word_1_159' title='bbox 1638 2013 1681 2043; x_wconf 81' lang='lat' dir='ltr'>ut</span> <span class='ocrx_word' id='word_1_160' title='bbox 1700 2020 1762 2044; x_wconf 81' lang='lat' dir='ltr'>no-</span> 
     </span>
     <span class='ocr_line' id='line_1_22' title="bbox 280 2067 1752 2119; baseline 0.001 -13"><span class='ocrx_word' id='word_1_161' title='bbox 280 2073 490 2108; x_wconf 68' lang='lat' dir='ltr'>minaretur</span> <span class='ocrx_word' id='word_1_162' title='bbox 510 2073 610 2108; x_wconf 79' lang='lat' dir='ltr'>inter</span> <span class='ocrx_word' id='word_1_163' title='bbox 631 2071 860 2119; x_wconf 77' lang='lat' dir='ltr'>conjuratos,</span> <span class='ocrx_word' id='word_1_164' title='bbox 883 2076 1135 2119; x_wconf 77' lang='lat' dir='ltr'>opportunum</span> <span class='ocrx_word' id='word_1_165' title='bbox 1156 2070 1366 2116; x_wconf 73' lang='lat' dir='ltr'>videbatur,</span> <span class='ocrx_word' id='word_1_166' title='bbox 1384 2067 1425 2105; x_wconf 73' lang='lat' dir='ltr'>ec)</span> <span class='ocrx_word' id='word_1_167' title='bbox 1441 2067 1552 2118; x_wconf 69' lang='lat' dir='ltr'>quod,</span> <span class='ocrx_word' id='word_1_168' title='bbox 1577 2071 1752 2108; x_wconf 84' lang='lat' dir='ltr'>&amp;c.-·-M.</span> 
     </span>
    </p>

    <p class='ocr_par' dir='ltr' id='par_1_6' title="bbox 284 2133 1771 2246">
     <span class='ocr_line' id='line_1_23' title="bbox 334 2133 1771 2184; baseline 0 -14"><span class='ocrx_word' id='word_1_169' title='bbox 334 2134 349 2155; x_wconf 78' lang='lat'><strong>³</strong></span> <span class='ocrx_word' id='word_1_170' title='bbox 380 2136 578 2172; x_wconf 49' lang='lat' dir='ltr'>Men-cumis</span> <span class='ocrx_word' id='word_1_171' title='bbox 608 2133 857 2184; x_wconf 65' lang='lat' dir='ltr'>numer-ibus]</span> <span class='ocrx_word' id='word_1_172' title='bbox 900 2134 980 2172; x_wconf 83' lang='lat' dir='ltr'>Our</span> <span class='ocrx_word' id='word_1_173' title='bbox 1006 2134 1141 2170; x_wconf 85' lang='lat' dir='ltr'>author</span> <span class='ocrx_word' id='word_1_174' title='bbox 1169 2144 1299 2169; x_wconf 85' lang='lat' dir='ltr'>means</span> <span class='ocrx_word' id='word_1_175' title='bbox 1333 2145 1491 2168; x_wconf 84' lang='lat' dir='ltr'>numera</span> <span class='ocrx_word' id='word_1_176' title='bbox 1520 2134 1771 2181; x_wconf 75' lang='lat' dir='ltr'>yladiatoria.</span> 
     </span>
     <span class='ocr_line' id='line_1_24' title="bbox 284 2198 848 2246; baseline -0.005 -10"><span class='ocrx_word' id='word_1_177' title='bbox 284 2199 352 2236; x_wconf 71' lang='lat' dir='ltr'>See</span> <span class='ocrx_word' id='word_1_178' title='bbox 372 2211 452 2246; x_wconf 86' lang='lat' dir='ltr'>cap.</span> <span class='ocrx_word' id='word_1_179' title='bbox 475 2211 578 2235; x_wconf 71' lang='lat' dir='ltr'>xxx.</span> <span class='ocrx_word' id='word_1_180' title='bbox 600 2202 686 2235; x_wconf 87' lang='lat' dir='ltr'>note</span> <span class='ocrx_word' id='word_1_181' title='bbox 703 2198 848 2234; x_wconf 79' lang='lat' dir='ltr'>5.-M.</span> 
     </span>
    </p>

    <p class='ocr_par' dir='ltr' id='par_1_7' title="bbox 283 2258 1773 2371">
     <span class='ocr_line' id='line_1_25' title="bbox 335 2258 1773 2309; baseline -0.001 -11"><span class='ocrx_word' id='word_1_182' title='bbox 335 2262 349 2282; x_wconf 86' lang='lat'>⁴</span> <span class='ocrx_word' id='word_1_183' title='bbox 385 2261 536 2298; x_wconf 80' lang='lat' dir='ltr'>Circum</span> <span class='ocrx_word' id='word_1_184' title='bbox 561 2258 816 2309; x_wconf 65' lang='lat' dir='ltr'>Concordia]</span> <span class='ocrx_word' id='word_1_185' title='bbox 847 2259 909 2296; x_wconf 89' lang='lat' dir='ltr'>An</span> <span class='ocrx_word' id='word_1_186' title='bbox 923 2260 1072 2306; x_wconf 88' lang='lat' dir='ltr'>ellipsis,</span> <span class='ocrx_word' id='word_1_187' title='bbox 1101 2258 1177 2294; x_wconf 85' lang='lat' dir='ltr'>like</span> <span class='ocrx_word' id='word_1_188' title='bbox 1209 2259 1257 2294; x_wconf 89' lang='lat' dir='ltr'>ad</span> <span class='ocrx_word' id='word_1_189' title='bbox 1286 2258 1469 2304; x_wconf 81' lang='lat' dir='ltr'>Juturnae,</span> <span class='ocrx_word' id='word_1_190' title='bbox 1498 2259 1539 2294; x_wconf 84' lang='lat' dir='ltr'>in</span> <span class='ocrx_word' id='word_1_191' title='bbox 1561 2259 1729 2306; x_wconf 85' lang='lat' dir='ltr'>Veneris,</span> <span class='ocrx_word' id='word_1_192' title='bbox 1751 2272 1773 2296; x_wconf 91' lang='lat' dir='ltr'>a</span> 
     </span>
     <span class='ocr_line' id='line_1_26' title="bbox 283 2321 1558 2371; baseline -0.004 -8"><span class='ocrx_word' id='word_1_193' title='bbox 283 2327 410 2371; x_wconf 71' lang='lat' dir='ltr'>Vesta,</span> <span class='ocrx_word' id='word_1_194' title='bbox 427 2327 474 2362; x_wconf 90' lang='lat' dir='ltr'>ad</span> <span class='ocrx_word' id='word_1_195' title='bbox 492 2325 715 2371; x_wconf 84' lang='lat' dir='ltr'>Appollinis,</span> <span class='ocrx_word' id='word_1_196' title='bbox 736 2324 858 2359; x_wconf 84' lang='lat' dir='ltr'>where</span> <span class='ocrx_word' id='word_1_197' title='bbox 877 2324 994 2359; x_wconf 84' lang='lat' dir='ltr'>aedem</span> <span class='ocrx_word' id='word_1_198' title='bbox 1009 2334 1050 2358; x_wconf 92' lang='lat' dir='ltr'>or</span> <span class='ocrx_word' id='word_1_199' title='bbox 1068 2323 1145 2359; x_wconf 83' lang='lat' dir='ltr'>aede</span> <span class='ocrx_word' id='word_1_200' title='bbox 1163 2321 1194 2357; x_wconf 91' lang='lat' dir='ltr'>is</span> <span class='ocrx_word' id='word_1_201' title='bbox 1213 2322 1558 2358; x_wconf 69' lang='lat' dir='ltr'>understood—M.</span> 
     </span>
    </p>

    <p class='ocr_par' dir='ltr' id='par_1_8' title="bbox 285 2384 1784 2811">
     <span class='ocr_line' id='line_1_27' title="bbox 339 2384 1778 2435; baseline -0.001 -11"><span class='ocrx_word' id='word_1_202' title='bbox 339 2390 353 2411; x_wconf 86' lang='lat'>⁵</span> <span class='ocrx_word' id='word_1_203' title='bbox 382 2389 513 2424; x_wconf 79' lang='lat' dir='ltr'>Animi</span> <span class='ocrx_word' id='word_1_204' title='bbox 528 2384 760 2435; x_wconf 55' lang='lat' dir='ltr'>nobilitata]</span> <span class='ocrx_word' id='word_1_205' title='bbox 791 2385 949 2422; x_wconf 89' lang='lat' dir='ltr'>Anthon</span> <span class='ocrx_word' id='word_1_206' title='bbox 967 2386 1127 2431; x_wconf 83' lang='lat' dir='ltr'>renders,</span> <span class='ocrx_word' id='word_1_207' title='bbox 1152 2388 1174 2405; x_wconf 90' lang='lat'>“</span> <span class='ocrx_word' id='word_1_208' title='bbox 1189 2387 1242 2433; x_wconf 86' lang='lat' dir='ltr'>by</span> <span class='ocrx_word' id='word_1_209' title='bbox 1260 2396 1284 2421; x_wconf 88' lang='lat' dir='ltr'>a</span> <span class='ocrx_word' id='word_1_210' title='bbox 1315 2396 1496 2432; x_wconf 88' lang='lat' dir='ltr'>generous</span> <span class='ocrx_word' id='word_1_211' title='bbox 1523 2384 1716 2432; x_wconf 82' lang='lat' dir='ltr'>impulse,&#39;‘</span> <span class='ocrx_word' id='word_1_212' title='bbox 1736 2398 1778 2423; x_wconf 89' lang='lat' dir='ltr'>or</span> 
     </span>
     <span class='ocr_line' id='line_1_28' title="bbox 285 2447 1775 2501; baseline -0.003 -13"><span class='ocrx_word' id='word_1_213' title='bbox 285 2456 338 2501; x_wconf 59' lang='lat' dir='ltr'>bf.-</span> <span class='ocrx_word' id='word_1_214' title='bbox 363 2453 536 2500; x_wconf 79' lang='lat' dir='ltr'>patriotic</span> <span class='ocrx_word' id='word_1_215' title='bbox 564 2450 730 2497; x_wconf 77' lang='lat' dir='ltr'>feelings.</span> <span class='ocrx_word' id='word_1_216' title='bbox 789 2449 899 2485; x_wconf 86' lang='lat' dir='ltr'>Some</span> <span class='ocrx_word' id='word_1_217' title='bbox 917 2448 1077 2485; x_wconf 87' lang='lat' dir='ltr'>editions</span> <span class='ocrx_word' id='word_1_218' title='bbox 1096 2450 1204 2495; x_wconf 79' lang='lat' dir='ltr'>have,</span> <span class='ocrx_word' id='word_1_219' title='bbox 1225 2449 1274 2485; x_wconf 91' lang='lat' dir='ltr'>he</span> <span class='ocrx_word' id='word_1_220' title='bbox 1293 2459 1390 2495; x_wconf 83' lang='lat' dir='ltr'>says,</span> <span class='ocrx_word' id='word_1_221' title='bbox 1413 2447 1535 2483; x_wconf 80' lang='lat' dir='ltr'>animi</span> <span class='ocrx_word' id='word_1_222' title='bbox 1555 2449 1775 2494; x_wconf 79' lang='lat' dir='ltr'>mobilitate,</span> 
     </span>
     <span class='ocr_line' id='line_1_29' title="bbox 287 2511 1779 2559; baseline -0.001 -8"><span class='ocrx_word' id='word_1_223' title='bbox 287 2519 355 2553; x_wconf 82' lang='lat' dir='ltr'>but</span> <span class='ocrx_word' id='word_1_224' title='bbox 376 2516 450 2552; x_wconf 81' lang='lat' dir='ltr'>this</span> <span class='ocrx_word' id='word_1_225' title='bbox 469 2516 556 2551; x_wconf 88' lang='lat' dir='ltr'>does</span> <span class='ocrx_word' id='word_1_226' title='bbox 585 2518 652 2549; x_wconf 86' lang='lat' dir='ltr'>not</span> <span class='ocrx_word' id='word_1_227' title='bbox 683 2513 899 2549; x_wconf 87' lang='lat' dir='ltr'>harmonize</span> <span class='ocrx_word' id='word_1_228' title='bbox 929 2513 1023 2548; x_wconf 83' lang='lat' dir='ltr'>with</span> <span class='ocrx_word' id='word_1_229' title='bbox 1055 2513 1161 2548; x_wconf 83' lang='lat' dir='ltr'>what</span> <span class='ocrx_word' id='word_1_230' title='bbox 1186 2511 1443 2559; x_wconf 84' lang='lat' dir='ltr'>immediately</span> <span class='ocrx_word' id='word_1_231' title='bbox 1461 2511 1626 2548; x_wconf 79' lang='lat' dir='ltr'>follows:</span> <span class='ocrx_word' id='word_1_232' title='bbox 1659 2513 1779 2556; x_wconf 86' lang='lat' dir='ltr'>“Quo</span> 
     </span>
     <span class='ocr_line' id='line_1_30' title="bbox 289 2574 1780 2622; baseline -0.003 -7"><span class='ocrx_word' id='word_1_233' title='bbox 289 2580 454 2616; x_wconf 83' lang='lat' dir='ltr'>studium</span> <span class='ocrx_word' id='word_1_234' title='bbox 475 2577 619 2622; x_wconf 81' lang='lat' dir='ltr'>suum,&#39;&#39;</span> <span class='ocrx_word' id='word_1_235' title='bbox 641 2576 704 2612; x_wconf 66' lang='grc' dir='ltr'>διο.</span> <span class='ocrx_word' id='word_1_236' title='bbox 761 2576 840 2612; x_wconf 84' lang='lat' dir='ltr'>The</span> <span class='ocrx_word' id='word_1_237' title='bbox 869 2576 965 2612; x_wconf 85' lang='lat' dir='ltr'>New</span> <span class='ocrx_word' id='word_1_238' title='bbox 982 2574 1089 2611; x_wconf 90' lang='lat' dir='ltr'>York</span> <span class='ocrx_word' id='word_1_239' title='bbox 1118 2575 1301 2622; x_wconf 89' lang='lat' dir='ltr'>professor</span> <span class='ocrx_word' id='word_1_240' title='bbox 1333 2574 1467 2611; x_wconf 92' lang='lat' dir='ltr'>should</span> <span class='ocrx_word' id='word_1_241' title='bbox 1495 2575 1594 2610; x_wconf 73' lang='lat' dir='ltr'>have</span> <span class='ocrx_word' id='word_1_242' title='bbox 1625 2575 1707 2611; x_wconf 89' lang='lat' dir='ltr'>told</span> <span class='ocrx_word' id='word_1_243' title='bbox 1735 2587 1780 2611; x_wconf 87' lang='lat' dir='ltr'>us</span> 
     </span>
     <span class='ocr_line' id='line_1_31' title="bbox 287 2637 1781 2687; baseline -0.001 -11"><span class='ocrx_word' id='word_1_244' title='bbox 287 2643 391 2677; x_wconf 83' lang='lat' dir='ltr'>what</span> <span class='ocrx_word' id='word_1_245' title='bbox 410 2641 532 2676; x_wconf 80' lang='lat' dir='ltr'>critics</span> <span class='ocrx_word' id='word_1_246' title='bbox 550 2640 641 2687; x_wconf 80' lang='lat' dir='ltr'>long</span> <span class='ocrx_word' id='word_1_247' title='bbox 660 2651 731 2687; x_wconf 80' lang='lat' dir='ltr'>ago</span> <span class='ocrx_word' id='word_1_248' title='bbox 753 2640 939 2676; x_wconf 83' lang='lat' dir='ltr'>corrected</span> <span class='ocrx_word' id='word_1_249' title='bbox 957 2639 1020 2675; x_wconf 88' lang='lat' dir='ltr'>the</span> <span class='ocrx_word' id='word_1_250' title='bbox 1039 2649 1206 2686; x_wconf 86' lang='lat' dir='ltr'>passage.</span> <span class='ocrx_word' id='word_1_251' title='bbox 1250 2638 1270 2674; x_wconf 98' lang='lat' dir='ltr'>I</span> <span class='ocrx_word' id='word_1_252' title='bbox 1289 2648 1458 2685; x_wconf 90' lang='lat' dir='ltr'>presume</span> <span class='ocrx_word' id='word_1_253' title='bbox 1482 2637 1530 2673; x_wconf 89' lang='lat' dir='ltr'>he</span> <span class='ocrx_word' id='word_1_254' title='bbox 1548 2638 1659 2674; x_wconf 81' lang='lat' dir='ltr'>knew</span> <span class='ocrx_word' id='word_1_255' title='bbox 1676 2638 1781 2675; x_wconf 91' lang='lat' dir='ltr'>them</span> 
     </span>
     <span class='ocr_line' id='line_1_32' title="bbox 289 2700 1784 2749; baseline -0.001 -10"><span class='ocrx_word' id='word_1_256' title='bbox 289 2708 365 2740; x_wconf 86' lang='lat' dir='ltr'>not.</span> <span class='ocrx_word' id='word_1_257' title='bbox 425 2703 444 2738; x_wconf 95' lang='lat' dir='ltr'>I</span> <span class='ocrx_word' id='word_1_258' title='bbox 460 2702 555 2738; x_wconf 90' lang='lat' dir='ltr'>shall</span> <span class='ocrx_word' id='word_1_259' title='bbox 574 2702 641 2737; x_wconf 89' lang='lat' dir='ltr'>tell</span> <span class='ocrx_word' id='word_1_260' title='bbox 659 2703 723 2738; x_wconf 89' lang='lat' dir='ltr'>the</span> <span class='ocrx_word' id='word_1_261' title='bbox 741 2703 891 2747; x_wconf 84' lang='lat' dir='ltr'>reader3</span> <span class='ocrx_word' id='word_1_262' title='bbox 920 2702 1012 2749; x_wconf 80' lang='lat' dir='ltr'>they</span> <span class='ocrx_word' id='word_1_263' title='bbox 1030 2712 1126 2738; x_wconf 82' lang='lat' dir='ltr'>were</span> <span class='ocrx_word' id='word_1_264' title='bbox 1147 2701 1293 2748; x_wconf 84' lang='lat' dir='ltr'>Gaspar</span> <span class='ocrx_word' id='word_1_265' title='bbox 1309 2700 1511 2746; x_wconf 87' lang='lat' dir='ltr'>Scioppius,</span> <span class='ocrx_word' id='word_1_266' title='bbox 1543 2700 1583 2735; x_wconf 91' lang='lat' dir='ltr'>in</span> <span class='ocrx_word' id='word_1_267' title='bbox 1600 2700 1659 2736; x_wconf 91' lang='lat' dir='ltr'>his</span> <span class='ocrx_word' id='word_1_268' title='bbox 1677 2701 1784 2737; x_wconf 82' lang='lat' dir='ltr'>work</span> 
     </span>
     <span class='ocr_line' id='line_1_33' title="bbox 289 2762 1781 2811; baseline -0.002 -8"><span class='ocrx_word' id='word_1_269' title='bbox 289 2768 333 2803; x_wconf 84' lang='lat' dir='ltr'>de</span> <span class='ocrx_word' id='word_1_270' title='bbox 354 2766 445 2802; x_wconf 83' lang='lat' dir='ltr'>Arte</span> <span class='ocrx_word' id='word_1_271' title='bbox 466 2765 591 2803; x_wconf 87' lang='lat' dir='ltr'>Critic.</span> <span class='ocrx_word' id='word_1_272' title='bbox 613 2776 648 2811; x_wconf 90' lang='lat' dir='ltr'>p.</span> <span class='ocrx_word' id='word_1_273' title='bbox 671 2766 718 2800; x_wconf 83' lang='lat'>51</span> <span class='ocrx_word' id='word_1_274' title='bbox 739 2779 747 2810; x_wconf 93' lang='lat'>;</span> <span class='ocrx_word' id='word_1_275' title='bbox 777 2765 852 2800; x_wconf 88' lang='lat' dir='ltr'>and</span> <span class='ocrx_word' id='word_1_276' title='bbox 872 2763 1037 2802; x_wconf 80' lang='lat' dir='ltr'>Clericus</span> <span class='ocrx_word' id='word_1_277' title='bbox 1065 2775 1114 2801; x_wconf 89' lang='lat' dir='ltr'>on</span> <span class='ocrx_word' id='word_1_278' title='bbox 1132 2765 1197 2800; x_wconf 89' lang='lat' dir='ltr'>the</span> <span class='ocrx_word' id='word_1_279' title='bbox 1215 2775 1318 2801; x_wconf 88' lang='lat' dir='ltr'>same</span> <span class='ocrx_word' id='word_1_280' title='bbox 1345 2762 1431 2808; x_wconf 89' lang='lat' dir='ltr'>Art,</span> <span class='ocrx_word' id='word_1_281' title='bbox 1459 2767 1545 2809; x_wconf 85' lang='lat' dir='ltr'>part</span> <span class='ocrx_word' id='word_1_282' title='bbox 1566 2764 1600 2809; x_wconf 88' lang='lat'>3,</span> <span class='ocrx_word' id='word_1_283' title='bbox 1636 2767 1723 2800; x_wconf 85' lang='lat' dir='ltr'>sect.</span> <span class='ocrx_word' id='word_1_284' title='bbox 1747 2766 1781 2810; x_wconf 85' lang='lat'>1,</span> 
     </span>
    </p>
   </div>
  </div>
 </body>
</html>
