1889 3191
275 251 324 286 50
648 273 651 276 <
720 251 992 291 SALLUSTII
1021 251 1282 291 CATILINA.

272 366 426 415 bebat.
493 367 607 415 Erat
629 367 671 416 ei
693 385 798 417 cum
821 370 992 426 Fulvia,
1016 371 1207 418 muliere
1223 370 1380 427 nobili,
1418 370 1568 434 stupri
1600 375 1732 419 vetus

272 453 584 510 consuetud03
622 455 696 502 cui
739 454 845 503 cum
879 455 1034 503 minus
1074 463 1232 518 gratus
1272 462 1406 513 esset,
1447 457 1555 520 quia
1578 456 1735 520 inopia

271 538 427 586 minus
448 539 602 603 largiri
626 546 821 602 poterat,
864 541 1053 604 repente
1076 542 1277 604 glorians
1297 541 1443 588 maria
1463 549 1736 607 montesque

273 624 497 689 polliceri⁵
543 626 713 689 coepit3
756 626 922 673 minari
965 627 1198 674 interdum
1234 626 1370 682 ferro,
1407 626 1499 674 nisi
1541 627 1738 675 obnoxia

272 712 422 760 foret:
458 714 690 776 postremo
714 712 910 759 ferocius
933 712 1121 776 agitare,
1147 713 1282 777 quam
1305 713 1467 760 solitus
1493 718 1605 761 erat.
1672 714 1738 761 At

276 799 437 845 Fulvia
478 798 738 845 insolentiae
775 798 905 846 Curii
933 797 1103 862 caussa,
1123 798 1322 861 cognita,
1358 800 1449 846 tale
1482 799 1737 864 periculum

274 883 537 947 reipublicae
560 884 688 931 haud
710 884 941 932 occultum
964 885 1129 932 habuit
1153 905 1164 940 ;
1209 885 1303 941 sed,
1331 885 1512 933 sublato
1538 892 1736 942 auctore,

274 970 329 1017 de
369 970 583 1017 Catilinae
622 971 934 1034 conjuratione
973 988 1076 1035 quae
1116 987 1295 1035 quoque
1332 970 1471 1018 modo
1516 971 1737 1028 audierat,

274 1055 587 1117 compluribus
625 1055 843 1103 narravit.
910 1055 979 1102 Ea
1013 1072 1086 1104 res
1124 1056 1174 1102 in
1208 1055 1370 1119 primis
1410 1055 1564 1103 studia
1590 1056 1742 1104 homi-

275 1157 388 1187 num
433 1141 640 1189 accendit
687 1141 746 1188 ad
795 1142 1086 1189 consulatum
1118 1142 1434 1190 mandandum
1479 1142 1546 1188 M.
1589 1143 1742 1190 TuHio

277 1228 503 1276 Ciceroni.
595 1229 809 1292 Namque
853 1229 987 1276 antea
1036 1229 1252 1292 pleraque
1296 1227 1533 1275 nobilitas⁶
1572 1228 1744 1275 invidia

278 1314 518 1370 aestuabat,
546 1320 591 1361 et
622 1314 753 1377 quasi
771 1315 914 1378 pollui
937 1315 1227 1362 consulatum
1251 1313 1535 1371 credebant,'¹
1560 1314 1600 1362 si
1623 1330 1742 1369 eum,

278 1400 486 1463 quamvis
505 1401 730 1464 egregius,
756 1400 897 1448 homo
931 1399 1096 1448 novusS
1120 1400 1313 1463 adeptus
1336 1400 1470 1447 foret.
1543 1400 1636 1447 Sed
1664 1400 1744 1447 ubi

278 1486 531 1548 periculum
566 1486 764 1542 advenit,
790 1486 962 1532 invidia
984 1492 1121 1550 atque
1145 1486 1358 1549 superbia
1371 1487 1478 1548 post
1501 1484 1645 1532 fuere.

346 1572 528 1619 XXIV.
567 1572 717 1635 Igitur
740 1572 938 1620 comitiis
976 1572 1164 1628 habitis,
1210 1572 1434 1619 Consules
1458 1571 1747 1619 declarantur

335 1703 349 1724 ⁵
379 1703 512 1739 Maria
540 1708 751 1752 montesque
775 1702 984 1754 polliceri]
1015 1703 1052 1741 A
1082 1703 1289 1751 proverbial
1320 1704 1542 1751 expression,
1572 1702 1749 1752 denoting

281 1770 469 1806 whatever
486 1769 518 1805 is
537 1770 656 1817 grand
674 1770 747 1805 and
765 1769 804 1805 in
830 1769 1170 1807 abundance.—M.

332 1832 347 1853 ⁶
376 1834 564 1882 Pleraque
582 1832 793 1883 nobilitas]
826 1834 892 1872 See
905 1834 994 1881 Jug.
1015 1845 1094 1881 cap.
1112 1834 1188 1879 liv.,
1209 1837 1295 1870 note
1313 1832 1458 1869 4.—M.

336 1901 350 1922 ⁷
381 1900 575 1938 Nobilitas
610 1900 796 1936 ‘estuabat
828 1906 863 1936 et
896 1898 1131 1949 credebant]
1164 1899 1331 1937 Perizon.
1363 1910 1410 1935 on
1431 1899 1556 1936 Sanct.
1578 1898 1752 1948 Miner-v..

283 1980 319 2016 p.
342 1970 429 2014 717,
450 1967 611 2014 treating
630 1966 670 2002 of
688 1965 880 2013 Syllepsis,
901 1967 970 2002 has
989 1966 1173 2012 produced
1193 1965 1267 2001 this
1286 1975 1443 2013 passage
1462 1963 1504 1999 of
1517 1974 1585 1999 our
1600 1964 1748 2009 author,

285 2035 359 2071 and
378 2034 488 2070 refers
516 2044 559 2069 us
586 2036 624 2068 to
646 2031 808 2069 Gronov.
838 2032 883 2067 de
913 2030 1075 2067 Pecunia
1095 2031 1229 2067 Vetere
1259 2032 1319 2075 11,
1340 2031 1376 2065 4.
1434 2028 1625 2077 Similarly
1643 2028 1750 2077 Virg-

288 2101 391 2137 Pars.
412 2103 538 2146 stupet
567 2099 735 2144 innuptae
762 2098 901 2133 donum
929 2097 1082 2134 exitiale
1098 2097 1290 2142 Minervae,
1320 2096 1370 2133 Et
1397 2095 1532 2132 molem
1563 2083 1754 2131 mirantu'r

287 2165 381 2212 equi,
403 2163 480 2208 &c.‚
501 2163 622 2198 where
648 2173 705 2197 we
733 2162 829 2198 have
861 2173 884 2197 a
914 2163 1004 2198 verb
1034 2162 1124 2198 both
1153 2161 1193 2197 in
1223 2161 1286 2197 the
1314 2159 1481 2208 singular
1509 2159 1583 2196 and
1613 2157 1747 2205 plural.

289 2228 405 2264 Tacit.
426 2226 524 2263 Ann.
549 2228 608 2271 11,
631 2226 691 2270 24,
716 2225 771 2262 Ut
789 2225 870 2272 quis
889 2237 939 2261 ex
956 2225 1159 2272 longinquo
1178 2225 1393 2269 advenerat,
1413 2222 1592 2259 miracula
1610 2233 1753 2257 narra·

290 2291 391 2327 bant.
432 2290 512 2325 Liv.
536 2290 569 2335 5,
591 2290 652 2335 44,
675 2290 709 2334 4,
732 2288 824 2332 Quae
842 2289 958 2325 effuso
977 2289 1124 2336 agmine
1143 2288 1333 2332 adventat,
1351 2299 1442 2333 yens
1463 2291 1526 2332 est,
1544 2286 1603 2321 cui
1621 2289 1757 2321 natura

289 2364 440 2400 corpora
458 2363 597 2400 magna
614 2352 736 2398 magis
755 2349 866 2398 quam
885 2352 993 2388 firma
1011 2351 1171 2396 dederit3
1201 2362 1242 2387 eo
1260 2351 1299 2386 in
1326 2354 1511 2386 certamen
1539 2359 1646 2384 omne
1673 2347 1759 2395 plus

289 2417 437 2454 terroris
473 2414 587 2464 quam
622 2416 761 2451 virium
787 2416 933 2463 ferunt.
1002 2415 1069 2453 See
1097 2414 1373 2450 Drakenborch.
1404 2418 1442 2449 at
1471 2413 1552 2449 Liv.
1584 2412 1615 2449 Ι.
1645 2413 1679 2457 3,
1709 2412 1757 2457 2;

293 2480 490 2516 Ruhnken.
512 2491 560 2516 on
579 2479 659 2515 Ter.
681 2478 778 2514 Eun.
795 2477 824 2514 I.
843 2480 877 2524 2,
900 2479 945 2524 83
967 2479 1040 2515 and
1059 2490 1106 2514 on
1125 2478 1240 2514 Rutu.
1270 2477 1358 2524 Sup.
1380 2477 1410 2513 I.
1434 2477 1481 2512 13
1499 2490 1508 2522 3
1530 2475 1756 2522 Heusinger,

294 2555 341 2579 on
361 2543 436 2580 Cic.
460 2544 533 2581 Off.
558 2545 589 2588 1,
613 2544 674 2588 34,
698 2544 742 2587 33
772 2543 845 2578 and
863 2543 927 2579 the
945 2543 1226 2590 grammarians,
1248 2553 1288 2578 as
1308 2540 1531 2585 Ruddiman,
1552 2537 1717 2576 δια-Ο.

346 2605 361 2626 ⁸
390 2606 513 2642 Homo
529 2604 678 2655 nocua]
712 2605 830 2655 Cujus
857 2611 1025 2653 parentes
1049 2610 1160 2652 atque
1178 2606 1337 2653 majores
1355 2615 1430 2640 non
1443 2604 1543 2639 suere
1560 2601 1759 2638 honoribus

295 2672 333 2707 in
347 2669 535 2716 republica
553 2671 703 2717 cogniti.
772 2669 810 2706 A
838 2681 927 2706 man
958 2670 1022 2706 the
1052 2670 1134 2705 first
1162 2670 1201 2705 in
1218 2669 1277 2705 his
1294 2668 1426 2716 family
1454 2668 1537 2704 that
1555 2666 1630 2702 had
1647 2667 1759 2702 borne

297 2748 396 2773 some
414 2735 539 2772 curule
557 2736 658 2772 office
675 2750 684 2781 3
713 2737 796 2772 that
814 2736 855 2781 is,
876 2737 951 2772 had
968 2737 1059 2772 been
1079 2734 1215 2773 Curule
1233 2734 1364 2780 AEdile,
1383 2733 1530 2778 Censor,
1547 2731 1698 2777 Praetor,
1719 2741 1760 2767 or

300 2803 451 2842 Consul.
506 2803 573 2840 See
591 2802 739 2849 Curule,
760 2813 839 2850 cap.
861 2801 980 2848 xlvii„
1001 2805 1087 2838 note
1108 2800 1250 2838 6.-Μ.
