1889 3191
292 263 339 297 52
736 261 1009 299 SALLUSTII
1039 260 1300 298 CATILINA.

290 395 412 442 saepe
447 379 638 426 antehac
682 378 820 426 fidem
857 379 1134 442 prodiderat,
1176 379 1402 426 creditum
1446 377 1746 440 abjuraverat,

289 463 428 510 caedis
487 465 669 512 conscia
712 464 874 521 fuerat,
934 464 1116 512 luxuria
1158 473 1296 527 atque
1343 465 1500 528 inopia
1541 481 1750 528 praeceps

288 550 475 597 abierat.
543 549 717 596 Verum
741 550 976 613 ingenium
1001 551 1101 613 ejus
1125 550 1250 596 haud
1289 551 1572 606 absurdum;
1613 567 1750 614 posse

285 650 444 680 versus
467 632 626 688 facere,
648 633 806 695 jocum
835 648 1031 687 movere,
1076 649 1284 679 sermone
1320 632 1390 679 uti
1413 633 1484 679 vel
1521 633 1745 688 modesto,

286 719 356 766 vel
379 719 518 774 molli,
545 718 614 764 vel
639 718 819 780 procaci
838 716 871 763 :³
889 733 1077 780 prorsus
1102 718 1262 765 multae
1284 717 1462 765 facetiae
1485 717 1750 781 multusque

285 806 412 869 lepos
435 806 600 852 inerat.

351 891 531 937 XXVI.
565 889 656 937 His
695 890 832 937 rebus
856 889 1146 952 comparatis,
1174 889 1375 936 Catilina
1406 889 1554 936 nihilo
1593 889 1749 936 mimis

283 976 332 1022 in
370 992 648 1039 proxumum
687 992 858 1022 annum
890 975 1179 1023 consulatum
1219 975 1442 1038 petebat3
1480 991 1683 1038 sperans,
1712 975 1751 1021 si

287 1062 556 1126 designatus
585 1062 717 1118 foret,
743 1062 879 1110 facile
907 1078 955 1109 se
980 1078 1035 1109 ex
1056 1062 1292 1109 voluntate
1316 1061 1522 1109 Antonio
1542 1077 1749 1108 usurum.

286 1149 448 1213 Neque
479 1149 654 1196 interea
677 1148 860 1212 quietus
885 1156 994 1203 erat,
1040 1147 1120 1194 sed
1143 1148 1357 1194 omnibus
1383 1148 1534 1194 modis
1558 1147 1749 1194 insidias

283 1236 475 1299 parabat
499 1234 724 1282 Ciceroni.
790 1234 953 1297 Neque
975 1234 1042 1279 illi
1065 1241 1221 1280 tamen
1238 1234 1298 1280 ad
1321 1233 1574 1280 cavendum
1598 1233 1746 1289 dolus,

282 1329 362 1368 aut
406 1322 590 1367 astutiae
634 1320 837 1367 deerant.
906 1320 1120 1383 Namque
1159 1336 1185 1366 a
1221 1319 1448 1383 principio
1484 1319 1749 1366 consulatus

283 1406 368 1462 sui,
387 1406 535 1453 multa
551 1406 809 1469 pollicendo
826 1422 909 1469 per
927 1406 1151 1461 Fulviam,
1173 1406 1398 1461 effecerat,
1420 1413 1473 1452 ut
1494 1406 1551 1461 Q.
1562 1405 1746 1460 Curius,

284 1493 339 1540 de
362 1510 452 1557 quo
473 1493 626 1556 paullo
651 1501 757 1540 ante
780 1493 1045 1548 memoravi,
1072 1493 1263 1539 consilia
1287 1492 1502 1540 Catilinae
1533 1492 1621 1539 sibi
1644 1508 1749 1555 pro-

283 1580 425 1627 deret.
495 1579 573 1626 Ad
594 1580 695 1634 hoc,
724 1579 946 1642 collegam
970 1595 1106 1625 suum
1128 1578 1388 1626 Antonium
1411 1578 1623 1641 pactione
1645 1593 1751 1640 pro-

281 1664 457 1711 vinciae¹
517 1665 792 1728 perpulerat,
845 1680 904 1711 ne
954 1671 1113 1711 contra
1157 1663 1486 1726 rempublicam
1526 1662 1745 1717 sentiret;

282 1751 452 1797 circum
490 1766 537 1797 se
573 1750 792 1813 praesidia
825 1750 1078 1797 amicorum
1112 1756 1249 1812 atque
1289 1749 1526 1796 clientium
1567 1749 1747 1796 occulte

282 1836 497 1882 habebat.
567 1835 818 1898 Postquam
851 1835 948 1882 dies
982 1835 1273 1882 comitiorum
1297 1834 1435 1890 venit,
1463 1842 1509 1881 et
1533 1834 1747 1881 Catilinae

282 1940 428 1987 neque
452 1924 628 1986 petitio,
655 1939 801 1987 neque
824 1922 1020 1978 insidiae,
1061 1939 1174 1986 quas
1199 1921 1480 1968 Consulibus
1512 1921 1562 1968 in
1585 1937 1749 1984 campo

283 2008 489 2065 fecerat,2
527 2010 742 2072 prospere
779 2024 987 2064 cessere;
1024 2007 1266 2056 constituit
1306 2006 1478 2054 bellum
1502 2006 1662 2062 facere,
1703 2015 1749 2054 et

337 2170 351 2191 ³
391 2170 455 2206 Vel
472 2171 582 2216 molli,
605 2171 662 2207 vel
673 2169 866 2221 procaci]
899 2170 1027 2209 Sermo
1057 2171 1176 2208 mollis
1195 2175 1250 2208 est
1268 2170 1536 2217 voluptuarius,
1557 2173 1594 2205 et
1611 2169 1670 2205 cui
1689 2168 1746 2204 in—

284 2243 370 2276 sunt
389 2237 540 2274 occultae
559 2239 728 2286 quaedam
755 2237 945 2285 illecebrae,
970 2249 1052 2286 quae
1084 2238 1236 2284 capiunt
1264 2236 1440 2280 animum,
1474 2239 1511 2270 et
1524 2246 1675 2281 procax
1694 2239 1750 2270 est

284 2305 429 2352 Ebffl’isr
447 2308 483 2344 et
502 2303 816 2353 impudens.—M.

339 2374 486 2411 XXVI.
517 2369 528 2391 ¹
551 2365 978 2417 Pactioneproz·inciae.]
1009 2366 1087 2403 The
1105 2370 1229 2402 senate
1247 2364 1390 2412 always
1403 2362 1555 2400 allotted
1571 2366 1647 2398 two
1666 2373 1750 2409 pro-

285 2442 410 2478 vinces
422 2439 478 2475 for
494 2438 558 2474 the
575 2448 658 2473 new
677 2434 844 2479 Consuls,
864 2433 986 2469 which
1013 2432 1103 2478 they
1121 2428 1331 2476 commonly
1349 2428 1497 2463 divided
1525 2427 1577 2475 by
1607 2425 1661 2463 lot
1687 2427 1750 2463 be—

287 2504 401 2541 twixt
425 2503 538 2539 them.
593 2500 672 2537 The
703 2497 872 2535 consular
901 2495 1092 2543 provinces
1117 2494 1193 2530 this
1210 2503 1299 2541 year
1316 2501 1410 2526 were
1430 2488 1651 2526 Macedonia
1677 2490 1750 2526 and

292 2570 434 2614 Gallia3
465 2569 538 2604 and
579 2577 619 2603 as
645 2565 832 2602 Antonius
857 2573 934 2598 was
964 2562 1052 2598 fond
1078 2566 1116 2598 to
1148 2561 1246 2596 have
1277 2556 1504 2602 Macedonia,
1540 2555 1677 2602 cicero,
1711 2559 1750 2591 to

292 2634 411 2681 oblige
430 2633 519 2678 him,
537 2633 610 2668 and
629 2631 754 2668 attach
772 2629 852 2665 him
870 2628 995 2676 firmly
1014 2633 1052 2664 to
1070 2627 1129 2663 his
1146 2626 1306 2669 interest„
1320 2621 1540 2672 generously
1555 2633 1653 2669 gave
1671 2621 1749 2657 him

291 2701 349 2737 his
363 2700 496 2744 choice,
518 2699 591 2734 and
609 2697 697 2734 took
711 2696 833 2734 Gallia
850 2700 888 2732 to
902 2692 1170 2731 himself.——M.

344 2764 358 2786 ²
392 2763 496 2806 Quas
523 2761 744 2800 Consulibus
756 2760 795 2795 in
815 2771 946 2806 campo
955 2755 1132 2808 feceret]
1163 2755 1217 2792 As
1237 2753 1375 2792 Sallust
1389 2753 1475 2789 does
1488 2755 1630 2800 notsay
1649 2751 1749 2788 Con-

294 2831 377 2877 suli,
396 2831 465 2867 but
490 2827 722 2871 Consulibus,
750 2825 780 2863 it
807 2824 930 2861 would
959 2834 1055 2860 seem
1074 2823 1137 2860 the
1156 2819 1467 2870 disappointment
1485 2816 1645 2856 Catiline
1673 2822 1750 2858 met
