1889 3191
267 188 314 222 ‘24
321 188 342 222 6
645 184 922 223 SALLUSTII
948 185 974 223 J
977 183 1363 224 UGURTHINUM.

266 318 416 365 neque
439 301 614 349 bellum
637 302 736 365 geri
773 302 872 349 sine
906 301 1194 349 administris
1233 307 1406 365 posset,
1447 308 1494 348 et
1530 315 1755 348 novorum

266 387 409 433 fidem
432 388 481 433 in
505 387 637 433 tanta
659 386 855 449 perfidia
877 393 1086 433 veterum
1110 386 1310 449 experiri
1325 386 1640 449 periculosum
1665 385 1753 432 du-

266 477 402 519 ceret,
428 469 582 515 varius
605 469 904 530 incertusque
938 467 1172 530 agitabat:
1210 484 1358 531 neque
1393 469 1460 515 illi
1483 485 1572 524 res,
1599 483 1751 530 neque

267 554 526 606 consilium,
555 559 637 598 aut
652 551 896 614 quisquam
912 551 1160 596 hominum
1185 551 1298 597 satis
1313 551 1524 614 placebat
1545 571 1555 598 :
1582 552 1751 598 itinera

267 638 604 702 praefectosque
627 637 677 682 in
701 636 800 682 dies
822 641 1004 682 mutare
1023 654 1033 681 ε
1060 635 1198 682 modo
1222 635 1471 682 advorsum
1486 637 1664 692 hostes,
1681 636 1753 682 in-

265 724 448 770 terdum
485 722 534 767 in
574 721 848 768 solitudines
888 736 1079 783 pergere
1100 739 1110 766 :
1149 737 1274 782 saepe
1309 721 1359 766 in
1399 721 1525 783 fuga,
1564 737 1617 768 ac
1649 723 1756 784 post

266 807 420 870 paullo
445 822 575 869 spem
611 806 658 851 in
691 805 831 851 armis
865 805 1067 852 habere:
1106 805 1333 861 dubitare,
1370 805 1533 852 virtuti
1556 806 1753 868 popula-

266 893 401 947 rium,
430 908 488 938 an
513 892 604 937 fide
628 891 784 937 minus
803 890 1025 937 crederet.
1043 890 1122 945 ita,
1143 907 1433 953 quocumque
1450 890 1754 945 intenderat,²

268 993 341 1023 res
376 976 585 1022 advorsae
621 982 768 1021 erant.
839 974 932 1021 Sed
966 974 1087 1020 inter
1123 991 1200 1021 eas
1234 991 1389 1021 moras
1421 976 1614 1037 repente
1656 990 1757 1021 sese

271 1061 491 1108 Metellus
516 1077 620 1107 cum
646 1060 850 1107 exercitu
885 1059 1106 1106 ostendit.
1178 1059 1401 1106 Numidae
1437 1061 1494 1106 ab
1519 1061 1549 1107 J
1555 1060 1758 1122 ugurtha

267 1160 351 1206 pro
376 1151 583 1205 ternpore
606 1142 756 1205 parati
779 1142 1086 1204 instructique
1108 1161 1117 1188 :
1145 1142 1251 1188 dein
1275 1143 1491 1205 praelium
1515 1142 1755 1205 incipitur.

269 1230 372 1284 Qua
394 1229 441 1274 in
466 1235 597 1290 parte
622 1228 722 1274 Rex
741 1226 904 1282 adfuit,
925 1227 990 1273 ibi
1009 1226 1293 1290 aliquamdiu
1316 1234 1545 1274 certatum
1565 1247 1574 1273 :
1601 1228 1758 1274 caeteri

266 1330 426 1360 omnes
477 1312 598 1375 [ejus
643 1312 836 1374 milites]
886 1313 1038 1374 primo
1073 1329 1299 1359 concursu
1334 1314 1460 1374 pulsi
1494 1314 1752 1376 fugatique.

270 1400 469 1446 Romani
505 1400 745 1460 signorum
780 1406 826 1445 et
861 1414 1097 1444 armorum
1132 1399 1369 1460 aliquanto
1404 1414 1612 1453 numero,
1646 1399 1755 1444 hos-

264 1486 382 1531 tium
408 1500 662 1547 paucorum
697 1484 854 1546 potiti.
881 1500 989 1530 nam
1025 1483 1169 1529 ferme
1194 1483 1426 1529 Numidas
1461 1483 1509 1529 in
1535 1483 1754 1530 omnibus

263 1572 437 1634 praeliis
462 1572 610 1633 magis
635 1570 790 1632 pedes,
819 1570 955 1633 quam
981 1586 1110 1615 arma
1132 1576 1236 1615 tuta
1261 1569 1408 1616 sunt³.

332 1657 527 1702 LXXV.
552 1656 620 1701 Ea
647 1655 755 1718 fuga
779 1655 808 1702 J
814 1655 1030 1717 ugurtha,
1058 1655 1314 1717 impensiuS
1334 1654 1470 1700 modo
1495 1654 1633 1700 rebus
1659 1655 1755 1701 suis

264 1743 495 1796 diffidens,
523 1758 628 1788 cum
653 1741 860 1804 perfugis
886 1748 931 1786 et
965 1747 1097 1802 parte
1122 1741 1355 1803 equitatus
1378 1741 1427 1786 in
1464 1739 1754 1794 solitudines,

263 1828 369 1874 dein
393 1827 591 1873 Thalam
626 1826 850 1888 pervenit,
878 1826 924 1871 in
961 1825 1187 1888 oppidum
1222 1842 1445 1888 magnum
1482 1832 1528 1871 et
1563 1825 1757 1888 opulen-

266 1921 385 1967 tum,
414 1912 494 1958 ubi
519 1912 726 1974 plerique
751 1911 974 1966 thesauri,
1003 1911 1297 1974 filiorumque
1323 1911 1422 1974 ejus
1446 1911 1623 1956 multus
1646 1927 1758 1973 pue-

266 1998 384 2043 ritiae
424 1995 590 2042 cultus¹
637 2004 751 2042 erat.
821 1997 940 2051 Quae
980 2004 1230 2060 postquam
1279 1996 1474 2043 Metello
1521 2002 1759 2058 comperta

265 2092 387 2137 sunt,
409 2098 691 2145 quamquam
710 2082 831 2127 inter
853 2081 1050 2127 Thalam
1067 2082 1333 2144 flumenque
1351 2097 1633 2144 proxumum
1654 2097 1758 2143 spa-

263 2169 328 2214 tio
356 2168 552 2213 millium
577 2167 928 2230 quinquaginta,
950 2168 1051 2213 loca
1073 2167 1202 2213 arida
1217 2174 1354 2229 atque
1375 2173 1505 2212 vasta
1529 2182 1630 2212 esse
1652 2182 1759 2228 cog-

320 2329 333 2350 ²
359 2332 591 2378 Quocunque
609 2328 777 2379 intend]
802 2330 888 2366 Vid.
912 2330 1081 2367 Pcrizon.
1106 2331 1152 2366 ad
1174 2329 1301 2367 Sanct.
1322 2330 1495 2375 Minerv.‚
1523 2342 1559 2377 p.
1582 2331 1758 2368 553—0.

323 2393 338 2415 ⁸
363 2392 465 2432 Tuta
485 2390 608 2442 sunt]
640 2393 739 2429 Tuta
758 2394 789 2430 is
808 2398 874 2430 not
893 2394 931 2429 in
951 2394 1026 2429 this
1055 2394 1158 2440 place
1185 2405 1234 2429 an
1254 2395 1437 2442 adjective
1455 2406 1568 2440 noun,
1598 2396 1667 2432 but
1694 2395 1760 2431 the

271 2460 459 2509 participle
480 2458 617 2504 perfect
637 2459 678 2493 of
695 2459 758 2494 the
776 2459 868 2494 verb
887 2459 1116 2494 meon—M.

326 2525 487 2562 LXXV.
520 2520 530 2542 ¹
555 2522 815 2571 Filiorumqne
835 2523 914 2571 ejus
934 2524 1074 2560 multus
1087 2524 1265 2570 pueritiae
1285 2521 1444 2572 cultus]
1467 2524 1658 2569 Filiorum,
1680 2536 1759 2561 cre-

271 2592 327 2626 do.
350 2590 461 2625 etiam
483 2589 529 2624 ad
550 2588 644 2623 filias
663 2588 865 2635 ‚Jugurthae
894 2592 1046 2634 spectat,
1069 2599 1161 2635 quos
1189 2586 1302 2635 supra
1321 2600 1401 2635 cap.
1424 2590 1487 2634 47,
1508 2589 1648 2625 usitato
1667 2588 1759 2624 libe-

272 2666 395 2690 rorum
418 2654 564 2688 nomine
592 2653 781 2698 exprimit.
840 2651 874 2687 A
894 2653 1035 2699 potiore
1067 2653 1166 2688 enirn
1199 2664 1295 2688 sexu
1327 2652 1665 2688 denominationem
1697 2663 1760 2687 su-

272 2724 392 2763 munt,
413 2724 449 2752 et
470 2716 573 2760 filios,
595 2721 728 2761 patres,
750 2727 903 2760 soceros,
934 2717 1076 2761 fratres,
1099 2727 1201 2762 avos,
1224 2716 1346 2763 Reges
1373 2716 1513 2762 dicunt,
1535 2716 1598 2763 qui
1617 2715 1694 2752 sint
1712 2715 1763 2751 ex

271 2789 430 2830 utroque
449 2792 555 2817 sexu.
614 2780 685 2815 Per
703 2779 847 2816 cultum
867 2780 1044 2827 iutelligit
1071 2791 1146 2816 non
1165 2776 1278 2816 modo
1297 2780 1533 2826 vestimenta,
1554 2780 1618 2817 sed
1636 2779 1763 2818 omnia
