1889 3191
272 232 320 268 23
327 233 348 268 6
646 231 922 271 SALLUSTII
949 231 975 269 J
978 231 1361 271 UGURTHINUM.

261 348 451 410 jurant:
488 365 598 396 nam
625 349 803 412 volgus,
852 350 922 396 uti
967 349 1240 413 plerumque
1285 349 1416 403 solet,
1455 353 1502 394 et
1535 347 1749 393 maxume

268 433 596 490 Numidarum,
623 434 811 496 ingenio
833 434 1010 489 mobili,
1039 434 1313 480 seditiosum
1336 440 1475 496 atque
1497 431 1750 479 discordio-

266 537 370 567 sum
395 527 508 577 erat,
534 520 757 583 cupidum
779 536 1003 566 novarum
1027 535 1196 574 rerum,
1224 520 1369 582 quieti
1392 528 1438 566 et
1461 519 1557 566 otio
1588 517 1750 565 advor-

266 621 398 651 sum:
437 604 557 660 dein,
586 604 857 667 compositis
879 604 1002 651 inter
1026 619 1074 650 se
1098 603 1252 659 rebus,
1279 604 1403 650 diem
1426 604 1617 651 tertium
1641 619 1747 651 con-

265 690 467 737 stituunt
487 710 499 745 ;
537 689 660 752 quod
682 689 723 735 is
745 689 896 736 festus
920 689 1270 751 celebratusque
1303 704 1388 750 per
1411 705 1597 736 onmem
1619 688 1747 735 Afri-

263 790 378 829 cam,
405 773 569 820 ludum
593 780 638 820 et
660 772 895 820 lasciviam
918 772 1066 835 magis
1089 773 1228 836 quam
1263 772 1560 819 formidinem
1594 779 1747 820 osten-

262 859 407 906 tabat.
482 859 573 906 Sed
617 859 699 906 ubi
732 865 918 921 tempus
951 858 1055 914 fuit,
1105 858 1399 905 centuriones
1444 857 1747 920 tribunosque

262 944 501 1000 militares,
555 951 601 991 et
654 944 810 1007 ipsum
855 943 1130 1007 praefectum
1171 942 1351 1006 oppidi³
1391 943 1447 990 T.
1481 942 1745 1005 Turpilium

264 1031 487 1086 Silanum,
514 1030 631 1077 alius
670 1030 812 1077 alium
850 1030 1014 1078 domos
1055 1045 1162 1076 suas
1197 1029 1426 1076 invitant:
1464 1044 1542 1075 eos
1576 1028 1742 1083 omnis,

260 1122 432 1178 praeter
454 1115 734 1178 Turpilium,
754 1114 877 1162 inter
899 1114 1059 1178 epulas
1095 1115 1403 1161 obtruncant:
1440 1112 1605 1175 postea
1628 1112 1746 1158 mili-

261 1210 331 1248 tes
356 1201 571 1263 palantis,
598 1201 814 1256 inermes,
843 1200 1015 1263 quippe
1033 1199 1082 1246 in
1106 1199 1188 1246 tali
1205 1198 1298 1246 die⁴
1321 1215 1373 1245 ac
1392 1199 1490 1245 sine
1506 1197 1744 1260 imperio,⁵

261 1284 611 1348 adgrediuntur.
681 1284 815 1331 Idem
838 1284 997 1346 plebes
1021 1283 1145 1338 facit,
1174 1299 1282 1346 pars
1318 1282 1471 1329 edocti
1493 1282 1550 1329 ab
1574 1282 1742 1328 nobili-

259 1377 368 1425 tate,
397 1371 475 1416 alii
499 1370 654 1417 studio
678 1369 843 1416 talium
877 1385 1032 1415 rerum
1066 1368 1279 1422 incitati3
1317 1369 1420 1430 quis
1455 1374 1558 1413 acta
1591 1368 1742 1414 consi-

257 1456 465 1518 liumque
501 1454 839 1517 ignorantibus,
868 1453 1099 1500 tumultus
1138 1453 1239 1515 ipse
1277 1458 1323 1499 et
1357 1468 1430 1499 res
1460 1467 1594 1499 novae
1630 1452 1743 1498 satis

259 1540 522 1603 placebant.

322 1628 529 1675 LXVII.
567 1626 768 1674 Romani
790 1626 977 1681 milites,
1015 1625 1267 1688 improviso
1301 1630 1442 1679 metu,
1478 1623 1642 1671 incerti
1674 1623 1741 1686 ig-

256 1712 462 1775 narique,
489 1710 601 1774 quid
624 1710 939 1773 potissumum
963 1709 1182 1763 facerent,
1207 1707 1440 1770 trepidare
1462 1726 1474 1761 ;
1505 1706 1564 1753 ad
1587 1722 1739 1754 arcem

256 1871 296 1903 at
314 1866 419 1912 least,
440 1865 561 1913 thirty
580 1863 798 1911 examples3
828 1875 880 1909 as,
903 1863 984 1900 Liv.
1007 1864 1041 1907 3,
1065 1862 1099 1907 5,
1121 1861 1311 1897 Romanos
1329 1859 1501 1896 cecidisse
1518 1859 1557 1895 in
1578 1858 1740 1895 Hernico

256 1941 347 1978 agro
367 1931 531 1977 quinque
551 1929 671 1965 millia
693 1940 735 1965 ac
754 1933 950 1964 trecentos.
1009 1926 1062 1962 To
1081 1926 1206 1961 which
1225 1936 1317 1973 may
1334 1925 1380 1961 be
1398 1924 1517 1960 added
1537 1923 1626 1960 Sall.
1647 1923 1671 1959 J
1675 1934 1737 1969 ug.

254 2008 283 2032 c.
307 1997 368 2041 57,
392 1995 561 2041 Romani,
583 2006 649 2042 pro
667 1994 816 2041 ingenio
835 1992 1002 2041 quisque,
1017 2003 1116 2038 pars
1143 1990 1288 2027 eminus
1306 1989 1453 2037 glande,
1476 1988 1539 2025 Sto.
1597 1987 1678 2023 Liv.
1702 1988 1736 2031 3,

255 2063 289 2106 5,
311 2061 350 2097 in
369 2060 452 2106 fine,
475 2060 650 2097 Antiates
668 2059 770 2096 mille
788 2058 935 2104 milites,
961 2056 1125 2094 δια-Ο.

307 2123 322 2145 ⁸
343 2125 569 2174 Praefectum
591 2122 760 2173 oppidi]
793 2123 997 2159 Praefectus
1016 2120 1152 2168 oppidi,
1173 2120 1238 2167 qui
1258 2119 1429 2166 praesidio
1448 2122 1615 2165 praeerat.
1655 2115 1736 2153 An-

253 2191 463 2238 tiquissima
492 2188 702 2235 adpellatio,
724 2192 762 2224 et
791 2188 837 2224 ab
869 2187 1029 2234 regibus,
1051 2185 1116 2233 qui
1147 2185 1258 2220 domo
1287 2183 1451 2230 profecti,
1479 2182 1737 2229 relinquebant

252 2257 467 2303 praefectum
487 2253 693 2290 urbi—M.

304 2317 318 2339 ⁴
342 2320 522 2363 Inermos,
545 2318 686 2366 quippe
704 2317 745 2352 in
765 2315 837 2352 tali
855 2312 951 2365 dia]
977 2313 1165 2350 Herodian
1185 2314 1219 2359 2,
1240 2323 1320 2358 cap.
1340 2312 1400 2356 13,
1420 2311 1576 2347 informs
1594 2321 1638 2347 us
1651 2311 1737 2346 that

251 2387 280 2422 it
299 2396 377 2421 was
396 2382 505 2420 usual
523 2382 578 2417 for
596 2382 660 2418 the
679 2380 840 2426 soldiers‚
855 2391 902 2416 on
914 2378 1063 2415 festival
1075 2379 1178 2425 days,
1196 2377 1270 2413 and
1281 2377 1375 2424 days
1389 2375 1432 2411 of
1440 2375 1564 2422 public
1577 2375 1737 2411 thanks-

250 2449 383 2497 giving
401 2459 442 2483 or
460 2446 718 2493 supplication,
740 2449 779 2481 to
798 2455 847 2492 go
866 2443 1005 2480 abroad
1023 2440 1326 2478 unarmed-M.

303 2514 318 2535 ⁵
340 2514 486 2549 Milites
499 2512 688 2559 palantis,
709 2510 873 2555 inermis,
896 2510 1037 2557 quippe
1055 2508 1096 2543 in
1115 2507 1189 2543 tali
1208 2507 1269 2542 die
1288 2517 1335 2541 ac
1353 2507 1434 2541 sine
1452 2505 1621 2552 imperio,
1645 2502 1731 2552 &c.]

253 2582 350 2631 (sicl.
373 2577 512 2627 ὄντας).
569 2577 657 2614 Vid.
680 2577 846 2612 Perizon.
868 2576 916 2612 ad
936 2574 1061 2612 Sanct.
1084 2574 1119 2618 4,
1141 2574 1176 2617 4,
1200 2573 1260 2616 27,
1278 2571 1443 2617 treating
1460 2569 1501 2606 of
1515 2570 1578 2605 the
1597 2568 1735 2615 ellipsis

249 2646 291 2682 of
304 2656 379 2681 ens.
440 2643 506 2680 See
526 2642 603 2678 also
623 2640 783 2677 Turneb.
805 2639 1005 2676 Adversar.
1026 2637 1090 2673 lib.
1111 2638 1170 2680 11,
1188 2647 1218 2671 c.
1236 2636 1298 2680 28,
1314 2635 1400 2670 who
1418 2634 1571 2669 touches
1589 2643 1638 2668 on
1656 2631 1732 2667 this

249 2710 407 2758 subject.
464 2706 644 2750 Perizon.,
666 2707 706 2740 in
725 2705 783 2741 his
804 2703 1053 2740 Dissertation
1072 2712 1119 2737 on
1139 2701 1274 2748 Dictys
1294 2699 1490 2744 Cretensis,
1511 2696 1684 2743 explains
1702 2695 1731 2731 it

248 2774 289 2811 in
308 2774 371 2811 the
390 2780 545 2808 manner
563 2770 603 2805 in
621 2768 746 2805 which
763 2769 811 2804 he
829 2769 916 2804 does
935 2777 984 2803 on
1004 2764 1229 2803 Sanct.-C.
