1889 3191
565 234 844 275 SALLUSTII
870 234 894 273 J
899 235 1192 274 UGURTHIN
1193 233 1286 274 ml.
1596 240 1672 273 303

180 350 321 399 fluxae
344 360 392 400 et
413 353 609 400 mobiles
644 369 829 416 semper
861 353 909 399 in
934 353 1131 400 advorsa
1164 361 1367 400 mutant.
1440 354 1675 401 Caeterum

182 437 355 494 Mauri,
380 437 643 501 impetratis
678 438 895 485 omnibus
930 438 1085 493 rebus,
1125 448 1220 485 tres
1248 439 1449 484 Romam
1481 439 1681 501 profecti

180 538 291 572 curn
338 525 426 571 Cn.
472 524 669 571 Octavio
714 525 854 581 Rufo,
905 525 987 588 qui
1028 526 1252 580 Quaestor
1298 524 1587 587 stipendium
1632 525 1680 569 in

180 610 390 657 Africam
428 618 729 675 portaverat:
766 611 860 658 duo
895 611 953 658 ad
992 612 1171 674 Regem
1209 611 1422 658 redeunt.
1495 611 1567 657 Ex
1609 611 1684 656 his

180 696 413 754 Bocchus,
442 700 549 744 cum
574 705 756 754 caetera,
785 701 887 744 tum
911 699 1129 744 maxume
1153 698 1494 760 benignitatem
1515 706 1560 744 et
1587 705 1686 742 stu-

177 786 312 832 dium
335 786 481 833 Sullae
498 786 664 833 lubens
677 785 871 848 accepit.
941 785 1108 831 Romae
1123 784 1290 847 legatis
1315 784 1415 847 ejus
1433 791 1685 846 postquam

179 873 358 919 errasse
396 873 578 935 Regem
615 879 662 919 et
699 868 955 935 Jugurthae
997 871 1166 918 scelere
1204 871 1407 933 lapsum,
1447 870 1686 933 deprecati

180 957 331 1013 sunt,3
366 958 620 1005 amicitiam
647 966 693 1005 et
716 957 872 1004 foedus
895 957 1169 1021 petentibus
1203 957 1293 1003 hoc
1324 957 1465 1004 modo
1498 973 1690 1019 respon·

181 1043 337 1091 detur.

254 1132 283 1154 ‘⁴
306 1131 506 1175 Senatus
547 1137 593 1175 et
632 1128 836 1191 populus
878 1129 1122 1175 Romanus
1165 1128 1379 1175 beneficii
1418 1137 1463 1175 et
1504 1129 1689 1191 injuriae

184 1231 365 1262 memor
389 1232 489 1262 esse
513 1215 647 1262 solet.
719 1214 957 1261 Caeterum
982 1214 1187 1270 Boccho,
1217 1215 1440 1277 quoniam
1471 1215 1686 1278 poenitet,

183 1374 262 1415 not,
282 1367 467 1414 however,
503 1366 595 1404 omit
627 1368 692 1404 the
721 1366 927 1416 following.
986 1366 1124 1406 Caelius
1157 1366 1205 1404 acl
1226 1367 1315 1413 Cic,
1339 1367 1409 1415 Ep.
1437 1370 1496 1408 15,
1522 1369 1560 1407 Si
1580 1369 1688 1419 scias,

182 1446 304 1482 quam
322 1434 504 1471 sollicitus
522 1434 605 1480 sim,
626 1438 710 1470 tum
729 1434 829 1470 hanc
855 1445 979 1469 meam
1008 1433 1182 1482 gloriam,
1203 1445 1288 1480 quae
1307 1434 1356 1470 ad
1383 1446 1443 1470 me
1463 1434 1558 1470 nihil
1577 1437 1694 1481 perti-

186 1505 262 1546 net,
283 1500 463 1537 derideas.
521 1499 615 1543 Quae
634 1499 703 1535 tibi
731 1509 930 1545 exponere,
951 1498 1024 1535 nisi
1050 1510 1188 1545 coram,
1210 1511 1286 1536 non
1314 1505 1484 1546 possunt.
1544 1499 1693 1535 Intelli-

185 1565 324 1612 gimus,
345 1569 496 1612 propter
514 1575 558 1599 ea
577 1575 672 1611 quae.
731 1563 862 1599 Potest
881 1568 918 1599 et
936 1564 1056 1599 videri
1084 1563 1274 1610 scripsisse
1295 1563 1456 1601 Caelius:
1488 1576 1562 1599 non
1593 1564 1694 1599 hanc

187 1642 322 1666 meam.
380 1629 506 1666 Plaut.
526 1640 678 1665 rursum
695 1628 736 1664 in
755 1628 1019 1674 Bacchidibus,
1041 1628 1114 1664 Act
1136 1630 1171 1674 4,
1194 1640 1242 1665 sc.
1268 1631 1301 1674 1,
1325 1628 1419 1673 Quae
1447 1629 1694 1675 imperavisti.

187 1697 417 1744 imperatum
434 1697 528 1733 bene
546 1695 655 1732 bonis
673 1695 817 1731 factum
836 1694 935 1731 illico
954 1699 1022 1731 est.
1080 1695 1214 1732 Voluit
1242 1695 1446 1741 subaudiri,
1470 1707 1597 1732 eorum
1620 1707 1691 1731 un-

189 1763 442 1811 umquodque.
499 1762 607 1798 Then
625 1761 723 1798 after
741 1762 878 1810 giving
895 1762 961 1798 the
988 1762 1141 1799 various
1159 1762 1467 1809 interpretatious
1495 1762 1569 1797 and
1588 1763 1696 1798 read-

189 1831 278 1877 ings
296 1829 339 1866 of
352 1830 418 1865 the
436 1840 608 1875 passage,
639 1829 688 1864 he
705 1833 839 1874 quotes
871 1828 955 1864 Liv.
975 1827 1041 1864 lib.
1077 1829 1139 1874 41,
1162 1828 1242 1865 Nec
1276 1828 1480 1876 quicquam
1511 1839 1582 1872 ρος,
1614 1840 1697 1875 quae

190 1903 292 1933 terra
309 1895 480 1947 marique
498 1898 710 1943 agerentur,
730 1893 898 1930 fallebat.
956 1893 1171 1941 Quicquam
1190 1893 1331 1930 scilicet
1350 1905 1489 1929 eorum.
1548 1893 1639 1930 Sall.
1662 1895 1700 1929 in

190 1962 319 2008 Catil„
339 1973 422 2008 cap,
444 1962 506 2007 56,
531 1960 697 1996 Servitia
715 1960 949 2007 repudiabat,
971 1960 1079 2008 cujus
1106 1960 1213 1997 initio
1233 1961 1282 1997 ad
1301 1972 1387 1996 eum
1415 1971 1565 2008 magna?
1584 1961 1698 2006 eopize

189 2027 474 2064 concurrebant,
539 2025 660 2073 Cujus
679 2025 835 2073 generis,
857 2025 1015 2071 numeri,
1046 2025 1197 2061 ordinis.
1254 2025 1499 2073 Jugurthino,
1531 2037 1611 2072 cap.
1635 2027 1697 2062 95.

193 2093 288 2137 init„
310 2091 353 2128 L.
376 2090 483 2128 Sulla
500 2095 666 2138 quaestor
684 2102 771 2127 cum
789 2101 930 2138 magno
960 2089 1141 2138 equitatus
1156 2091 1195 2126 in
1215 2095 1342 2127 eastra
1360 2091 1488 2127 venit:
1519 2091 1633 2138 qnod,
1655 2096 1699 2126 ut

190 2168 245 2192 ex
265 2156 375 2193 Latio
391 2159 431 2192 et
449 2167 473 2191 a
491 2155 599 2191 sociis
618 2159 775 2202 cogeret,
798 2155 929 2191 Romae
957 2155 1112 2191 relictus
1139 2159 1231 2191 erat.
1297 2153 1412 2196 Quod
1425 2168 1545 2203 yenus
1574 2156 1701 2202 copia-

192 2231 278 2256 rum
296 2219 360 2256 vel
377 2219 638 2255 militantium.
696 2218 780 2255 Scio
800 2219 983 2266 quosdam
1003 2219 1130 2254 edere:
1153 2218 1219 2266 qui
1237 2223 1281 2254 ut
1300 2230 1352 2254 ex
1368 2219 1475 2255 Latio
1496 2225 1533 2255 et
1553 2231 1575 2255 a
1594 2219 1702 2255 sociis

191 2288 365 2331 cogeret3
394 2283 497 2328 alios,
519 2283 584 2330 qui
613 2286 658 2318 ut
676 2294 728 2319 ex
754 2282 863 2318 Latio
882 2287 919 2318 et
946 2293 968 2318 a
997 2282 1103 2318 sociis
1137 2283 1349 2319 exereitum
1381 2287 1556 2331 cogeret:
1588 2295 1704 2330 eoque

193 2346 310 2382 miror
326 2346 515 2383 neminem
535 2347 582 2382 de
599 2349 709 2382 tanta
727 2345 939 2381 mutatione
967 2346 1127 2381 verbum
1145 2345 1277 2382 faeere.
1337 2346 1417 2382 But
1436 2347 1587 2394 enough
1606 2346 1703 2383 from

195 2410 366 2448 Gronov.
427 2411 489 2447 He
502 2411 589 2447 that
606 2410 743 2446 wishes
760 2410 818 2446 for
835 2420 949 2455 more,
970 2421 1063 2458 may
1081 2421 1140 2447 see
1169 2422 1191 2446 a
1210 2411 1297 2447 host
1315 2411 1358 2447 of
1371 2411 1605 2458 authorities,
1627 2413 1702 2447 and

196 2486 316 2523 many
334 2475 529 2523 examples
548 2476 591 2512 of
603 2476 668 2511 the
688 2486 790 2511 same
809 2479 890 2511 sort
916 2475 957 2511 of
972 2476 1236 2523 construction,
1257 2477 1298 2512 in
1319 2476 1452 2523 Greek,
1474 2477 1514 2513 in
1532 2478 1598 2513 the
1616 2482 1703 2513 note

196 2540 240 2576 of
253 2540 291 2576 J.
313 2539 444 2586 Davis,
465 2551 515 2576 011
533 2540 677 2576 Minue..
698 2539 819 2585 Felix,
842 2551 923 2587 cap.
947 2540 1109 2577 17.-C.

251 2604 267 2626 ²
285 2605 352 2642 Ea
375 2605 488 2641 Sullae
507 2611 544 2642 et
557 2603 789 2655 plerisque]
820 2605 887 2652 Ea,
910 2617 951 2642 as
978 2606 1009 2642 it
1026 2606 1059 2642 is
1077 2605 1204 2652 plural
1223 2608 1298 2643 and
1316 2612 1457 2653 neuter,
1479 2608 1592 2645 refers
1611 2609 1705 2644 both

198 2676 239 2708 to
257 2675 423 2718 potestas
441 2670 555 2706 eundi
574 2671 747 2716 Romam,
769 2671 845 2706 and
862 2675 902 2706 to
930 2670 1218 2708 induciae.-M.

255 2734 270 2756 ³
290 2734 506 2784 Deprecati
524 2733 648 2784 sunt]
680 2735 831 2772 Cortius
859 2735 1061 2783 completes
1088 2736 1154 2772 the
1183 2740 1356 2774 sentence
1383 2738 1484 2784 thus,
1507 2739 1709 2785 Deprecati

200 2808 301 2849 sunt,
318 2802 493 2847 dicentes,
509 2801 654 2851 Regem
669 2798 934 2838 errasse-M.
975 2801 1044 2839 See
1056 2801 1227 2839 Perizon.
1244 2813 1292 2838 on
1306 2801 1446 2849 Samot„
1460 2815 1495 2851 p.
1516 2804 1693 2842 291.-C
1701 2826 1709 2833 -
