1889 3191
261 251 310 286 46
715 249 991 289 SALLUSTII
1021 250 1286 290 CATILINA.

263 365 474 429 denique,
502 366 615 430 quid
636 366 801 429 reliqui
822 368 1063 424 habemUS,
1085 374 1257 431 praeter
1273 368 1490 415 miseram
1509 364 1745 414 animam?

266 451 395 501 Quin
433 452 577 514 igitur
613 452 1023 514 expergiscimini?
1092 454 1166 499 En
1209 453 1302 509 illa,
1329 453 1421 508 illa,
1448 469 1588 516 quam
1623 466 1747 514 saepe

263 536 472 600 optastis,
500 537 705 591 libertas,
729 544 956 599 praeterea
973 537 1163 593 divitiae,
1185 538 1338 594 decus,
1366 537 1513 600 gloria
1528 538 1579 584 in
1602 536 1748 583 oculis

265 621 354 667 sita
390 621 524 666 sunt!
595 621 802 667 Fortuna
837 621 994 667 omnia
1036 621 1289 668 victoribus
1333 621 1528 683 praemia
1571 620 1746 683 posuit.

267 707 376 762 Res,
424 715 626 769 tempus,
669 707 888 769 pericula,
931 713 1114 768 egestas
1153 706 1263 752 belli
1303 707 1451 769 spolia
1484 707 1744 770 magnifica,

265 792 415 853 magis
434 791 574 854 quam
598 792 758 846 oratio,
783 792 1045 838 hortentur.
1084 792 1172 837 Vel
1194 792 1486 853 imperatore,
1513 792 1586 838 vel
1603 791 1750 838 milite

265 893 338 923 me
373 876 576 922 utimini.
603 892 753 939 neque
777 876 974 931 animus,
1001 893 1150 939 neque
1181 893 1350 938 corpus
1384 893 1411 922 a
1432 875 1564 922 vobis
1583 876 1747 923 aberit.

267 962 386 1008 Haec
420 962 535 1024 ipsa,
577 968 630 1008 ut
655 978 803 1025 spero,
831 963 1069 1009 vobiscum
1096 961 1274 1010 Consul
1303 978 1470 1025 agam:
1507 961 1600 1008 nisi
1633 961 1749 1008 forte

266 1047 449 1093 animus
472 1047 606 1102 fallit,
634 1054 680 1094 et
697 1063 779 1094 vos
804 1047 985 1102 servire,
1009 1048 1146 1110 quam
1165 1048 1405 1110 imperare,
1427 1046 1579 1109 parati
1588 1046 1746 1093 estis.”

333 1129 472 1175 XXI.
510 1129 764 1192 Postquam
801 1146 1017 1193 accepere
1057 1147 1111 1177 ea
1151 1130 1379 1187 homines,
1423 1130 1590 1192 quibus
1630 1129 1752 1177 mala

266 1213 452 1260 abunde
475 1214 632 1260 omnia
646 1222 790 1270 erant,
811 1215 893 1261 sed
916 1232 1065 1278 neque
1081 1232 1168 1271 res,
1195 1232 1344 1279 neque
1363 1231 1469 1278 spes
1493 1216 1616 1263 bona
1637 1215 1745 1270 ulla,

265 1307 423 1346 tamen
447 1308 492 1346 et
517 1300 555 1346 si
577 1300 670 1347 illis
694 1301 849 1363 quieta
864 1317 1059 1355 movere,
1087 1318 1257 1364 magna
1274 1317 1449 1348 merces
1463 1301 1708 1348 videbatur
1731 1320 1743 1356 ;

266 1392 423 1433 tamen
456 1386 692 1449 postulare
715 1387 937 1451 plerique,
970 1389 1042 1434 uti
1079 1394 1374 1451 proponeret,
1408 1404 1512 1450 quae
1547 1386 1751 1434 conditio

265 1470 375 1517 belli
410 1471 555 1518 foret:
593 1489 697 1534 quae
737 1472 933 1534 praemia
971 1473 1112 1518 armis
1150 1478 1390 1534 peterent:
1429 1471 1542 1534 quid
1565 1471 1749 1533 ubique¹

265 1557 368 1618 opis
392 1565 472 1603 aut
508 1558 606 1620 spei
645 1558 886 1605 haberent.
957 1559 1080 1604 Tum
1105 1559 1308 1605 Catilina
1337 1559 1545 1621 polliceri
1567 1559 1750 1606 tabulas

265 1641 447 1696 novas,2
500 1642 907 1705 proscriptionem3
952 1643 1268 1706 locupletium,
1317 1644 1632 1707 magistratus,
1682 1662 1750 1692 sa-

264 1726 482 1782 cerdotia,
508 1728 709 1790 rapinas,
736 1729 826 1775 alia
856 1729 1024 1785 omnia,
1061 1746 1166 1792 quae
1203 1730 1375 1777 bellum
1412 1737 1551 1793 atque
1589 1730 1750 1777 lubido

319 1857 430 1894 XXI.
463 1856 472 1878 ¹
503 1856 607 1899 Quid
624 1859 792 1910 ubique]
824 1860 966 1899 Sallust
997 1866 1063 1897 not
1093 1861 1180 1908 only
1203 1861 1299 1907 here,
1334 1862 1402 1898 but
1421 1861 1459 1897 in
1479 1862 1620 1898 several
1642 1863 1748 1899 other

264 1921 396 1968 places,
418 1927 506 1970 puts
524 1924 659 1972 ubique
676 1924 734 1961 for
753 1930 788 1960 et
802 1924 877 1960 ubi.
921 1923 1013 1972 Cap.
1034 1925 1175 1971 xxvii„
1199 1925 1319 1969 Quem
1339 1926 1476 1972 ubique
1496 1930 1748 1972 opportunum

264 1988 446 2033 credebat,
468 1989 490 2024 i.
512 2001 541 2025 e.
564 2001 675 2036 quem
694 1994 731 2026 et
758 1990 823 2026 ubi
841 1989 948 2025 illum
967 1995 1215 2036 opportunam
1234 1990 1415 2026 credebat.
1472 1990 1563 2038 Jug.
1587 2002 1668 2038 cap.
1682 1991 1747 2035 lii.,

265 2052 395 2100 Neque
413 2055 579 2100 remittit,
602 2055 692 2102 quid
712 2055 847 2102 ubique
866 2055 984 2091 bostis
1003 2058 1139 2101 ageret,
1162 2053 1367 2100 explorare,
1389 2054 1411 2089 i.
1433 2065 1463 2090 e.
1485 2054 1586 2101 quid,
1619 2059 1656 2091 et
1685 2055 1749 2092 ubi

264 2118 512 2163 ageret.—M.

327 2180 433 2221 Quid
450 2181 619 2232 ubique]
652 2183 739 2219 Add
758 2187 796 2220 to
816 2184 880 2220 the
899 2182 1093 2229 examples
1112 2183 1280 2218 adduced
1299 2183 1350 2230 by
1369 2182 1477 2228 Mair,
1500 2182 1583 2218 Ter.
1609 2183 1748 2231 Hecyr.

266 2248 301 2291 4,
325 2248 359 2291 2,
382 2248 403 2282 3
422 2261 430 2292 ;
461 2249 535 2284 and
555 2249 604 2285 ib.
628 2250 689 2291 28,
713 2248 752 2286 Si
781 2253 915 2285 caetera
934 2253 1022 2284 sunt
1050 2248 1113 2293 ita,
1135 2252 1178 2284 ut
1197 2252 1239 2284 tu
1258 2247 1325 2292 vis,
1345 2247 1472 2294 itaque
1492 2247 1548 2283 for
1575 2259 1646 2294 que
1673 2248 1748 2293 ita3

265 2310 339 2345 and
361 2311 441 2347 Liv.
462 2311 525 2348 lib.
549 2314 583 2358 3,
605 2325 634 2348 c.
658 2314 718 2358 30,
742 2313 873 2360 Itaque
905 2316 1059 2349 cautum
1086 2316 1152 2348 est.
1211 2311 1270 2357 So,
1291 2322 1410 2358 neque
1438 2311 1494 2347 for
1526 2315 1562 2347 et
1590 2323 1662 2357 ne;
1691 2323 1749 2349 see

263 2373 355 2421 Jug.
376 2387 406 2411 c.
431 2378 490 2421 14,
513 2377 709 2414 note—C.

317 2437 331 2458 ²
367 2437 536 2476 Tabulas
556 2439 708 2489 novas]
742 2440 917 2488 Intellige
934 2438 1084 2476 tabulas
1102 2439 1217 2476 debiti
1235 2443 1272 2475 et
1291 2439 1430 2484 crediti,
1459 2450 1546 2486 quae
1565 2450 1664 2476 nova
1691 2441 1748 2477 di-

263 2511 409 2552 cuntur,
431 2507 579 2554 quando
599 2506 825 2542 debitoribus
844 2517 894 2542 aes
913 2505 1074 2542 alienum
1092 2504 1416 2541 remittitur.—M.

317 2568 331 2589 ³
361 2568 720 2619 Proscriptionem.]
762 2570 1023 2616 Proscription,
1057 2569 1139 2606 first
1169 2569 1354 2616 practised
1385 2569 1439 2616 by
1471 2567 1587 2613 Sulla,
1622 2579 1699 2604 was
1727 2581 1749 2605 a

264 2635 415 2682 posting
433 2647 484 2681 up
503 2635 664 2681 persons’
684 2645 812 2670 names
831 2634 869 2669 in
888 2633 1013 2679 public
1032 2631 1164 2679 places,
1186 2633 1277 2669 with
1299 2643 1322 2668 a
1339 2631 1500 2678 promise
1518 2631 1559 2667 of
1569 2642 1591 2667 a
1609 2632 1750 2667 certain

264 2698 406 2736 reward
424 2702 463 2734 to
481 2709 558 2745 any
576 2698 661 2734 who
681 2698 814 2734 should
834 2697 983 2732 murder
1001 2697 1116 2733 them.
1173 2695 1261 2731 And
1291 2696 1354 2732 the
1385 2699 1521 2732 estates
1539 2695 1613 2730 and
1631 2696 1747 2743 goods

264 2767 305 2803 of
320 2766 383 2802 the
401 2775 551 2811 persons
569 2764 658 2800 thus
677 2764 887 2809 proscribed
905 2773 1001 2799 were
1020 2762 1241 2799 confiscated
1259 2761 1334 2798 and
1348 2759 1588 2798 seized.—-M.
