1889 3191
258 244 331 277 218
639 241 915 281 SALLUSTII
943 243 968 281 J
973 243 1262 282 UGURTHIN
1267 244 1358 283 UM.

254 358 416 421 praeda
438 374 554 406 esse.
623 358 694 406 Ea
716 359 964 407 formidine
987 361 1127 407 multi
1160 361 1380 408 mortales
1405 361 1631 408 Romanis
1661 360 1740 408 de-

256 444 343 491 diti
366 444 551 492 obsides
572 465 584 499 ;
620 444 909 492 frumentum
934 452 980 492 et
1014 446 1118 502 alia,
1145 463 1250 509 quae
1284 446 1392 494 usui
1413 446 1580 502 forent,
1608 444 1739 493 adfa-

252 530 340 576 tim
363 530 562 593 praebita
583 549 592 576 :
630 529 912 592 ubicumque
937 546 1009 576 res
1043 530 1327 592 postulabat,
1353 531 1626 593 praesidium
1648 530 1738 577 im-

253 615 477 677 positum.
549 615 668 669 Quae
691 616 880 675 negotia
894 614 1043 659 multo
1057 615 1204 677 magis
1228 616 1365 677 quam
1379 616 1594 677 praelium
1617 615 1740 662 male

251 706 514 762 pugnatum
543 699 621 760 [ab
646 698 764 759 suis]
794 699 969 761 Regem
1005 699 1281 745 terrebant.⁵
1316 700 1488 762 quippe
1522 701 1597 748 cui
1632 717 1740 765 spes

253 784 403 831 omnis
426 784 476 829 in
499 783 609 846 fuga
633 783 723 829 sita
746 790 857 838 erat,
886 783 1016 846 sequi
1039 784 1290 846 cogebatur
1310 805 1322 840 ;
1361 791 1406 830 et
1431 785 1511 847 qui
1534 801 1618 832 sua
1639 785 1740 832 loca

253 867 518 915 defendere⁶
540 868 823 931 nequiverat,
850 868 899 914 in
924 868 1086 915 alienis
1121 869 1296 916 bellum
1321 885 1493 931 gerere.
1561 870 1740 917 Tamen

253 970 310 1000 ex
345 954 489 1016 copia,
539 953 664 1016 quod
709 960 956 1016 optumum
991 954 1250 1010 videbatur,
1291 955 1538 1001 consilium
1574 955 1733 1017 capit:

254 1039 507 1086 exercitum
532 1038 849 1101 plerumque,7
872 1039 918 1084 in
946 1039 1093 1085 isdem
1128 1039 1242 1086 locis
1265 1039 1434 1101 operiri
1450 1039 1614 1102 jubet3
1640 1039 1744 1102 ipse

253 1141 359 1171 cum
385 1124 574 1172 delectis
610 1124 845 1187 equitibus
871 1124 1117 1171 Metellum
1155 1125 1378 1188 sequitur,
1418 1124 1660 1171 nocturnis
1695 1131 1741 1170 et

307 1339 321 1360 ⁵
346 1337 437 1380 Quae
456 1337 608 1384 neyotia
628 1337 744 1372 multo
765 1338 886 1384 mayis
907 1350 1018 1384 quam
1034 1337 1210 1385 proelium
1232 1337 1331 1373 male
1349 1342 1742 1384 puynatum—terre-

251 1403 378 1453 bana]
410 1403 497 1439 Vid.
521 1402 651 1438 Budae.
675 1401 883 1438 Comment.
907 1402 1006 1449 Lirg.
1030 1402 1147 1439 Groec.
1169 1414 1203 1448 p.
1230 1403 1342 1448 1033,
1363 1402 1448 1437 who
1466 1402 1536 1438 has
1554 1402 1741 1448 produced

253 1469 328 1505 this
347 1469 422 1504 and
441 1477 557 1514 many
576 1465 718 1502 similar
739 1464 861 1502 Greek
888 1465 1104 1502 imitations.
1164 1465 1224 1501 He
1242 1466 1312 1501 has
1339 1465 1417 1502 also
1444 1466 1579 1502 turned
1606 1466 1636 1502 it
1662 1465 1745 1502 into

253 1534 384 1579 Greek,
415 1534 528 1569 thus:
559 1531 578 1571 ἡ
598 1547 716 1580 μαχη
738 1531 862 1572 κακῶς
881 1530 1146 1580 μεμαχκμὲνη.
1218 1531 1285 1569 See
1304 1531 1382 1567 also
1415 1543 1438 1568 a
1456 1532 1570 1568 much
1596 1536 1744 1579 greater

255 1598 413 1634 number
432 1598 470 1633 in
489 1597 691 1634 Vechner's
721 1597 971 1643 Hellenolex.,
994 1610 1029 1645 p.
1061 1599 1150 1634 200.
1210 1596 1277 1634 See
1304 1596 1382 1632 also
1403 1595 1587 1640 Sanctius,
1617 1596 1657 1632 in
1683 1596 1744 1632 his

257 1664 431 1708 Minerv.,
453 1668 493 1699 at
511 1663 576 1699 the
594 1663 697 1699 word
709 1661 1001 1710 paquara—C.

306 1729 320 1750 ⁸
342 1728 419 1765 Sua
440 1729 524 1765 loca
543 1726 779 1777 defendere]
803 1728 880 1766 Sua
898 1728 980 1765 loca
999 1732 1087 1765 sunt
1106 1728 1176 1764 sibi
1195 1730 1416 1774 opportuna,
1437 1730 1475 1762 et
1493 1737 1577 1773 quae
1595 1725 1657 1762 vel
1674 1737 1743 1773 op-

253 1795 400 1839 taverit,
423 1793 484 1829 vel
504 1793 658 1840 elegerit
676 1793 746 1829 sibi
766 1793 814 1828 ad
842 1804 1021 1841 pugnam.
1079 1791 1214 1828 Aliena
1246 1791 1317 1828 sibi
1348 1791 1479 1838 iniqua
1510 1794 1547 1827 et
1574 1791 1745 1827 hostibus

250 1859 525 1907 opportuniora.
584 1857 646 1894 Sic
663 1857 770 1902 infra,
801 1869 881 1904 cap.
915 1860 974 1903 61,
997 1858 1128 1905 Neque
1146 1857 1171 1894 J
1175 1857 1390 1904 ugurtham,
1410 1855 1482 1892 nisi
1509 1866 1561 1892 ex
1587 1856 1741 1901 insidiis,

252 1930 316 1961 aut
337 1935 403 1960 suo
421 1923 502 1960 loco
521 1934 689 1970 pugnam
707 1922 948 1959 facere—M.

308 1987 386 2023 Sua
407 1985 526 2036 loca]
560 1989 583 2005 ‘⁶
598 1987 777 2031 Quarters
796 1988 837 2023 of
851 1987 909 2023 his
936 1999 1021 2024 own
1041 1987 1255 2035 choosing.''
1309 1986 1397 2023 Add
1416 1987 1525 2034 Virg.
1547 1986 1682 2034 Georg.
1704 1987 1740 2033 4,

252 2065 289 2087 v.
313 2054 374 2097 21,
397 2051 495 2087 Vere
513 2063 591 2095 suo,
613 2051 638 2086 i.
657 2064 686 2086 e.
709 2051 777 2088 sibi
796 2055 906 2099 grato
918 2055 955 2088 et
970 2052 1162 2098 aptissimo
1179 2066 1187 2097 ;
1210 2051 1373 2089 Servius.
1431 2051 1519 2087 Vid.
1535 2054 1573 2087 et
1586 2050 1631 2086 eL
1647 2049 1743 2088 Gro-

251 2127 337 2152 nov.
361 2115 559 2153 Observat.
581 2114 644 2151 lib.
667 2116 702 2160 4,
725 2127 755 2151 c.
780 2117 839 2152 17.
898 2114 966 2152 See
984 2115 1010 2152 J
1013 2127 1073 2163 ug.
1089 2128 1119 2152 c.
1136 2117 1196 2160 61,
1223 2115 1296 2151 Suo
1316 2115 1396 2151 loco
1414 2125 1581 2162 pugnam
1600 2114 1742 2162 facere3

252 2181 326 2216 and
346 2192 375 2216 c.
399 2182 459 2226 66,
483 2179 723 2217 Communire
752 2192 838 2215 suos
870 2180 980 2216 locos,
1039 2181 1120 2216 Liv.
1142 2181 1204 2225 42,
1239 2181 1302 2225 43,
1340 2179 1466 2223 Quum
1499 2178 1649 2216 Persius
1677 2191 1744 2214 suo

252 2243 419 2279 maxime
438 2247 604 2289 tempore
622 2246 659 2278 et
677 2243 803 2278 alieno
822 2243 991 2279 hostibus
1009 2242 1170 2289 incipere
1188 2241 1329 2278 bellum
1347 2240 1582 2288 possen—C.

307 2306 320 2327 ⁷
340 2306 566 2343 Exercitum
580 2304 839 2355 plerumque]
872 2307 1100 2354 Plerumque
1118 2307 1150 2343 is
1169 2307 1255 2342 here
1283 2318 1331 2342 an
1351 2306 1560 2354 adjective3
1590 2305 1665 2342 and
1683 2306 1747 2342 the

252 2373 366 2420 using
384 2372 416 2408 it
432 2372 472 2407 in
502 2371 566 2407 the
587 2369 757 2418 singular
785 2370 943 2407 number
962 2370 993 2407 is
1012 2382 1060 2407 no
1088 2381 1171 2406 new
1199 2369 1310 2417 thing
1328 2369 1423 2405 with
1452 2368 1605 2406 Sallust.
1661 2368 1745 2406 Cat.

253 2449 333 2483 cap.
356 2437 404 2474 23
426 2436 501 2471 and
521 2436 582 2479 38,
606 2434 789 2481 Pleraque
817 2434 1004 2471 nobilitas.
1063 2434 1154 2482 Jug.
1175 2445 1255 2480 cap.
1280 2435 1339 2479 18,
1370 2432 1509 2469 Africae
1540 2443 1627 2480 pars
1653 2432 1748 2468 infe-

253 2501 326 2536 rior
353 2499 538 2546 pleraque.
598 2497 688 2544 Cap.
721 2500 742 2534 7
748 2498 782 2543 9,
815 2497 1143 2546 Carthaginienses
1171 2497 1356 2544 pleraeque
1382 2496 1520 2533 Africae
1559 2495 1750 2542 imperita-

228 2591 231 2593 *
252 2566 466 2603 bant.-—M.

309 2626 571 2677 Plerumque]
604 2629 834 2677 Plerumque
867 2628 1084 2675 ezercitum,
1117 2640 1184 2676 pro
1222 2639 1365 2676 magna
1401 2627 1596 2664 exercitur
1631 2630 1746 2672 parte.

255 2694 342 2730 vid.
364 2693 525 2729 Turncb.
546 2693 747 2730 Adversar.
771 2695 804 2739 3,
827 2706 858 2730 c.
882 2695 941 2740 15,
963 2699 1000 2730 et
1030 2694 1271 2730 Hutchinson
1300 2694 1348 2730 ad
1369 2694 1595 2740 Xenophon.
1618 2695 1748 2749 Aust,

253 2757 318 2794 lib.
341 2758 374 2803 1,
397 2768 433 2803 p.
451 2757 513 2792 40.
574 2758 640 2792 4to
658 2757 806 2802 edition,
830 2757 1048 2804 Cantabrig.
1073 2756 1287 2794 1785.-C.
