1889 3191
285 235 361 270 204
669 235 945 276 SALLUSTII
972 237 998 275 J
1002 237 1291 277 UGURTHIN
1299 239 1386 277 UM.

283 367 389 397 rum
412 368 566 399 rerum
590 352 780 399 avidum
813 370 928 401 esse.
995 355 1161 418 Itaque
1193 355 1372 418 legatos
1407 355 1551 402 alium
1586 355 1644 401 ab
1679 354 1770 401 alio

284 435 494 484 divorsos
529 437 832 500 adgreditur;
868 456 921 485 ac
956 439 1200 501 paullatim
1241 440 1480 496 tentando,
1524 449 1771 504 postquam

282 529 572 585 opportunos
596 523 827 585 cognovit,
867 524 1015 570 multa
1047 525 1309 587 pollicendo
1343 526 1608 588 persuadet,
1653 533 1683 552 “
1701 527 1772 573 uti

282 607 569 670 Jugurtham
591 608 812 655 maxume
836 608 1008 664 vivum,
1037 609 1110 655 sin
1142 609 1193 656 id
1226 626 1393 672 parum
1427 612 1659 673 procedat,
1692 629 1770 659 ne-

283 701 439 740 catum
463 693 554 739 sibi
576 692 814 740 traderent
834 693 879 740 :”
919 697 1142 740 caeterum
1177 695 1345 756 palam,
1382 712 1487 758 quae
1522 712 1579 743 ex
1611 697 1771 744 volun-

282 788 378 824 tate
416 778 585 834 forent,
626 778 746 841 Regi
782 779 997 826 nunciari
1028 779 1180 842 jubet.
1251 780 1433 827 Deinde
1472 780 1574 842 ipse
1612 783 1772 844 paucis

284 863 462 919 diebus,
488 863 670 911 intento
692 872 832 927 atque
854 865 1027 912 infesto
1050 865 1269 922 exercitu,
1296 865 1347 911 in
1369 865 1644 913 Numidiam
1667 883 1773 928 pro·

282 948 434 996 cedit:
462 949 555 1006 ubi,
582 957 744 997 contra
782 950 891 997 belli
930 950 1113 1006 faciem,
1140 951 1329 1013 tuguria
1367 951 1506 1014 plena
1526 951 1772 999 hominum

280 1051 449 1098 pecora
485 1035 778 1098 cultoresque
820 1036 868 1082 in
907 1035 1059 1099 agris:
1099 1052 1155 1082 ex
1189 1036 1376 1098 oppidis
1421 1043 1467 1082 et
1511 1037 1773 1098 mapalibus

281 1120 493 1183 praefecti
516 1121 660 1184 Regis
683 1122 806 1168 obvii
821 1122 1148 1185 procedebant,
1167 1123 1319 1185 parati
1337 1122 1627 1169 frumentum
1645 1122 1769 1179 dare,

281 1215 594 1255 commeatum
612 1209 835 1271 portarest
853 1210 1086 1271 postremo
1103 1207 1273 1263 omnia,
1294 1224 1398 1270 quae
1416 1207 1768 1271 imperarentur,

281 1294 448 1342 facere.
518 1294 684 1356 Neque
709 1293 934 1341 Metellus
967 1293 1139 1340 idcirco
1174 1292 1346 1350 mimis,
1376 1293 1458 1340 sed
1491 1295 1680 1356 pariter,
1720 1310 1772 1340 ac

282 1379 323 1425 si
345 1379 506 1426 hostes
529 1378 760 1434 adessent,
800 1379 981 1426 munito
1016 1379 1199 1441 agmine
1235 1378 1460 1434 incedere,
1487 1379 1582 1425 late
1616 1378 1772 1441 explo-

281 1480 382 1510 rare
406 1463 577 1518 omnia,
603 1463 683 1509 illa
707 1462 958 1509 deditionis
995 1463 1128 1525 signa
1162 1462 1370 1509 ostentui
1403 1462 1602 1518 credere,
1631 1471 1677 1509 et
1701 1464 1772 1509 in-

283 1548 415 1594 sidiis
439 1548 593 1594 locum
617 1547 831 1594 tentari-⁵
880 1549 1046 1611 Itaque
1081 1548 1197 1609 ipse,
1223 1563 1331 1594 cum
1357 1547 1585 1610 expeditis
1609 1548 1772 1595 cohor-

281 1633 421 1689 tibus,
435 1633 548 1679 item
563 1633 854 1680 funditorum
871 1641 916 1680 et
932 1633 1278 1696 sagittariorum
1288 1632 1466 1680 delecta
1479 1649 1634 1689 manu,
1647 1634 1775 1696 apud

281 1718 459 1782 primos
484 1725 582 1766 erat
602 1738 614 1773 3
650 1719 700 1765 in
723 1726 961 1782 postremo
986 1719 1041 1766 C.
1065 1719 1250 1766 Marius
1273 1718 1456 1781 legatus
1479 1735 1586 1765 cum
1610 1719 1774 1782 equiti-

282 1806 370 1851 bus
386 1805 577 1851 curabat
597 1824 607 1851 :
626 1805 676 1850 in
690 1812 940 1868 utrumque
954 1805 1079 1851 latus
1098 1804 1364 1851 auxiliarios
1380 1804 1558 1867 equites
1573 1805 1773 1851 tribunis

280 1891 517 1954 legionum
542 1898 588 1938 et
611 1890 847 1954 praefectis
887 1891 1151 1939 cohortium
1185 1890 1524 1953 dispertiverat,
1562 1890 1629 1936 uti
1666 1906 1771 1937 cum

280 1977 355 2024 his
395 1977 613 2040 permixti
650 1976 849 2032 veliteS‚⁶
890 1993 1178 2040 quacumque
1216 1976 1500 2031 accederent,
1539 1977 1773 2038 equitatus

333 2117 348 2138 ⁴
375 2117 631 2154 Commeatum
646 2116 843 2167 portam]
876 2117 1118 2155 Commeatus
1137 2117 1295 2163 proprie⁷
1318 2117 1418 2164 quod
1436 2127 1522 2152 cum
1543 2116 1692 2163 agmine
1711 2115 1771 2151 in-

280 2185 404 2220 cendit
422 2189 459 2220 et
478 2181 669 2219 exercitus
687 2182 971 2218 necessitatibus
999 2181 1176 2216 inservit:
1207 2180 1338 2216 deinde
1357 2191 1423 2226 pro
1442 2178 1589 2215 cibariis
1617 2178 1771 2225 aliisque

280 2248 495 2285 necessariis
513 2247 656 2294 positus
675 2251 743 2284 est.
800 2246 900 2282 Eum
919 2245 1041 2292 parati
1069 2249 1174 2280 erant
1194 2248 1360 2291 portare:
1391 2243 1457 2290 qui
1483 2242 1607 2279 levare
1634 2240 1770 2289 partim

280 2312 417 2349 milites
435 2312 562 2348 labore
581 2311 720 2358 partim
735 2312 910 2359 jumenta
928 2308 1231 2346 volebant—M.

333 2376 348 2397 ⁵
371 2376 531 2413 Insidiis
551 2377 672 2412 locum
692 2374 875 2425 tentare]
908 2375 1092 2412 Credebat
1111 2375 1293 2421 quosdam
1313 2373 1492 2417 homines,
1513 2372 1621 2408 illum
1639 2373 1771 2410 fflosve

281 2446 343 2494 qui
364 2443 558 2481 deditionis
578 2443 686 2490 signa
704 2443 892 2487 dederant,
914 2442 1057 2478 insidiis
1076 2441 1199 2477 locum
1218 2439 1486 2476 tentare-M.

337 2508 497 2545 Insidiis
517 2507 638 2544 Iocum
659 2504 836 2556 tentari]
869 2506 960 2543 This
988 2505 1019 2542 is
1047 2506 1112 2541 the
1140 2504 1375 2541 indubitable
1403 2503 1642 2540 emendation
1670 2502 1711 2538 of
1734 2502 1769 2538 J.

280 2575 320 2611 F.
344 2573 566 2612 Gronovius
632 2570 797 2607 Tentare
815 2571 847 2607 is
866 2571 930 2607 the
949 2569 1106 2618 reading
1125 2569 1166 2604 of
1182 2567 1447 2606 Cottius—C.

329 2638 345 2658 ⁶
367 2637 558 2673 Permixti
577 2635 741 2686 velites]
773 2636 916 2673 Velites
934 2637 974 2672 in
1002 2635 1210 2672 subsidium
1229 2634 1400 2681 equitum
1426 2632 1572 2669 inventi
1590 2633 1765 2678 primum⁷

279 2705 379 2753 quod
397 2707 518 2739 essent
536 2702 612 2738 levi
630 2699 832 2746 armatura,
854 2705 890 2737 et
908 2699 1018 2737 facile
1037 2699 1110 2736 illis
1130 2711 1208 2737 sese
1226 2700 1485 2748 adjungerent.
1544 2694 1698 2743 Proprie
1714 2697 1769 2732 illi

278 2772 395 2813 erant,
417 2766 482 2813 qui
500 2766 540 2800 in
559 2776 672 2811 equos
691 2765 859 2812 equitum
871 2763 1065 2808 insilirent,
1085 2769 1132 2810 et,
1150 2775 1236 2801 cum
1251 2764 1299 2799 ad
1313 2763 1460 2798 hostem
1474 2759 1766 2808 appropinquas.-

277 2837 371 2879 sent,
393 2830 500 2868 celeri
519 2828 618 2866 saltu
637 2829 912 2865 descenderent.
972 2827 1040 2865 See
1058 2838 1138 2873 cap.
1165 2829 1251 2872 105,
1272 2830 1358 2863 note
1377 2824 1524 2862 4.-M.
