1889 3191
481 220 757 260 SALLUSTII
786 219 811 256 J
815 219 1107 258 UGURTHIN
1110 219 1205 257 ΕΜ.
1522 220 1539 253 1
1547 219 1568 253 6
1575 220 1595 254 7

105 342 247 404 cipsae
269 338 416 402 patris
439 337 532 384 mei
567 338 804 392 beneficia,
832 352 984 399 neque
1015 342 1171 381 vestra
1206 334 1406 388 decreta,
1433 333 1597 380 auxili-

104 437 243 472 antur
261 445 272 479 ;
311 423 449 478 ferm,
492 439 552 468 an
591 422 714 468 fame
761 421 914 468 acrius
948 417 1190 481 urguear,2
1224 418 1432 464 incertus
1473 434 1594 463 sum.

105 511 246 557 Plura
290 508 348 554 de
393 508 424 555 J
428 507 635 569 ugurtha
680 507 878 553 scribere
926 505 1203 551 dehortatur
1236 503 1425 550 fortuna
1460 518 1593 549 mea:

104 597 243 643 etiam
288 594 424 641 antea
469 600 690 656 expertus
738 609 855 648 sum,
905 594 1073 654 parum
1113 590 1223 637 fidei
1258 589 1442 637 miseris
1478 605 1595 635 esse.

103 682 211 731 Nisi
226 688 385 727 tamen
398 677 659 742 intellego,³
682 678 816 724 illum
841 678 994 740 supra,
1017 677 1154 739 quam
1172 692 1257 739 ego
1278 693 1399 732 sum,
1421 683 1593 738 petere,

103 782 251 828 neque
277 765 417 812 simul
445 765 700 812 amicitiam
733 770 952 819 vestram,
992 770 1037 810 et
1071 779 1268 826 regnum
1304 780 1461 810 meum
1497 780 1599 826 spe-

102 867 231 898 rare:
272 858 429 897 utrum
474 850 661 913 gravius
709 850 977 904 existumet,
1020 849 1197 896 nemini
1242 849 1477 896 oecultum
1513 856 1598 895 est.

104 939 229 985 Nam
251 938 386 984 initio
410 937 579 984 occidit
603 936 930 999 Hiempsalem
956 936 1149 982 fratrem
1169 953 1356 991 meum3
1387 937 1496 983 dein
1518 953 1599 999 pa-

102 1024 193 1070 trio
216 1040 360 1086 regno
384 1039 458 1070 me
483 1023 678 1083 expulit.
701 1039 807 1085 quae
844 1022 957 1068 sane
983 1021 1159 1068 fuerint
1193 1028 1370 1068 nostrae
1395 1022 1595 1085 injuriae,

101 1109 221 1155 nihil
245 1108 305 1155 ad
327 1125 424 1155 vos.
469 1109 645 1154 Verum
669 1124 796 1153 nunc
818 1115 1028 1153 vestrum
1053 1123 1252 1169 regnum
1269 1108 1412 1153 armis
1438 1116 1594 1154 tenet:

101 1210 190 1250 me,
217 1210 355 1257 quem
380 1194 721 1256 Imperatorem
748 1192 971 1239 Numidis
1008 1191 1249 1254 posuistis,
1279 1191 1488 1238 clausum
1517 1193 1597 1239 ob-

103 1281 250 1327 sidet:
287 1280 550 1343 legatorum
576 1280 714 1327 verba
749 1279 914 1342 quanti
948 1278 1125 1334 fecerit,
1152 1278 1360 1341 pericula
1387 1295 1492 1325 mea
1516 1278 1593 1325 de-

103 1368 295 1414 clarant.
367 1366 495 1422 Quid
517 1366 762 1429 reliquum,
785 1365 878 1411 nisi
900 1365 971 1410 vis
988 1372 1157 1420 vestra,
1181 1381 1272 1427 quo
1296 1366 1474 1411 moveri
1492 1382 1599 1427 pos-

103 1451 200 1500 sit?
237 1453 363 1499 Nam
388 1469 472 1515 ego
492 1452 681 1515 quidem
704 1451 870 1498 vellem
890 1459 936 1497 et
960 1450 1077 1505 haec,
1101 1467 1205 1513 quae
1224 1451 1390 1506 scribo,
1419 1459 1465 1498 et
1493 1468 1598 1514 quae

101 1540 239 1585 antea
261 1539 311 1585 in
336 1546 502 1585 senatu
543 1547 735 1601 questus
778 1554 898 1591 sum,
925 1553 1044 1583 vana
1078 1537 1231 1583 forent
1261 1537 1433 1600 potius,
1459 1541 1599 1600 quam

100 1624 289 1670 miseria
312 1640 416 1670 mea
437 1623 579 1669 fidem
603 1622 756 1668 verbis
778 1622 968 1668 faceret.
1021 1621 1114 1668 Sed
1137 1622 1359 1684 quoniam
1383 1624 1435 1668 eo
1459 1630 1599 1668 natus

103 1726 221 1765 sum,
262 1716 316 1756 ut
353 1708 607 1771 Jugurthae
649 1708 876 1755 scelerum
923 1707 1129 1754 ostentui
1168 1723 1333 1762 essem,
1374 1724 1469 1753 non
1499 1708 1599 1770 jam

102 1802 302 1843 mortem
324 1811 474 1858 neque
510 1811 758 1848 aerumnaS‚
784 1792 1112 1840 tantummodo
1143 1793 1323 1840 inimici
1350 1793 1599 1855 imperium

104 1888 150 1928 et
173 1881 407 1928 cruciatus
433 1880 641 1943 corporis
666 1879 903 1942 deprecor.
977 1879 1143 1941 Regno
1179 1879 1437 1935 Numidiae,
1476 1880 1601 1943 quod

102 1972 310 2014 vestrum
334 1973 419 2023 est,
447 1966 516 2012 uti
540 1966 684 2022 lubet,
714 1966 972 2013 consulite:
1009 1983 1084 2013 me
1110 1983 1167 2013 ex
1197 1967 1416 2014 manibus
1439 1968 1599 2031 impiis

104 2053 282 2116 eripite,
307 2069 393 2116 per
425 2053 722 2116 majestatem
756 2052 955 2116 imperii,
983 2068 1068 2113 per
1103 2053 1324 2100 amicitiae
1348 2053 1522 2110 fidem3
1560 2054 1601 2100 si

101 2138 198 2189 ulla
221 2139 347 2202 apud
369 2155 452 2186 vos
475 2139 701 2186 memoria
724 2139 797 2186 avi
820 2139 914 2186 mei
939 2138 1228 2186 Masinissae.

169 2221 324 2268 XXV.
364 2222 457 2269 His
494 2221 665 2269 litteris
706 2221 928 2277 recitatis,
970 2221 1113 2278 fuere,
1142 2222 1222 2285 qui
1261 2223 1516 2270 exercitum
1550 2224 1601 2270 in

154 2413 170 2435 ¹
199 2413 406 2464 L‘rgruear]
438 2415 530 2451 This
548 2416 583 2451 is
599 2416 750 2452 ancient
768 2417 1029 2465 orthography
1045 2430 1052 2463 ;
1074 2417 1138 2453 the
1157 2418 1331 2453 modems
1350 2417 1456 2455 write
1474 2430 1598 2466 nryeo.

101 2482 210 2518 -Μ,

157 2545 172 2567 ³
193 2546 284 2583 Nisi
304 2551 431 2582 tamen
451 2543 662 2594 intelleqo]
694 2546 858 2582 Dixerat
885 2558 923 2583 se
950 2547 1060 2593 plura
1088 2548 1245 2584 scribere
1273 2548 1382 2594 nolle,
1404 2550 1504 2596 quod
1531 2561 1602 2597 pa-

102 2612 188 2649 rum
207 2612 292 2648 fidei
311 2610 455 2647 miseris
474 2611 542 2655 sit3
573 2616 608 2646 et
629 2611 742 2655 addit,
765 2611 837 2647 nisi
855 2611 925 2647 hoe
944 2623 1074 2657 unum,
1097 2613 1198 2659 quod
1216 2613 1241 2648 J
1246 2614 1412 2660 ugurtha
1439 2613 1602 2661 amplius

102 2677 192 2724 quid
210 2682 324 2724 petat,
345 2687 461 2722 quam
489 2675 610 2711 vitam
638 2687 872 2723 regnumque
900 2687 1022 2712 suum.
1080 2676 1214 2714 Manet
1240 2678 1367 2726 itaque
1385 2679 1457 2716 nisi
1484 2680 1602 2726 parti-

101 2740 186 2776 cula
204 2739 528 2787 exceptiva.—M.
