1889 3191
511 218 789 258 SALLUSTII
815 218 841 255 J
847 218 1234 257 UGURTHINUM.
1544 221 1620 256 25⁹

123 337 315 394 ciatum,
341 352 492 400 neque
515 342 615 383 tam
637 335 776 382 anxie
798 335 1005 382 laturum
1029 335 1190 392 fuisse,
1209 335 1250 382 si
1272 334 1495 398 adempta
1517 352 1623 399 pro-

122 423 274 471 vincia
296 422 388 478 alii,
417 423 557 485 quiam
579 421 751 477 Mario,
779 419 1059 468 traderetur.

190 507 479 556 LXXXIII.
519 507 674 570 Igitur
697 524 752 555 eo
776 507 935 555 dolore
958 506 1231 571 impeditus,
1259 514 1307 554 et
1336 506 1447 571 quia
1472 506 1626 554 stulti-

123 595 203 642 tiae
225 594 472 641 videbatur
489 594 690 641 alienam
713 611 811 642 rem
828 593 1035 658 periculo
1061 610 1146 641 suo
1170 609 1346 650 curare,
1365 593 1545 657 legatos
1565 593 1627 640 ad

123 680 367 728 Bocchum
390 679 553 736 mittit,
582 680 889 743 postulatum,
922 686 1024 727 “ne
1050 680 1150 727 sine
1175 680 1343 727 caussa
1365 679 1520 728 hostis
1543 695 1627 743 po—

122 766 235 829 pulo
259 766 475 814 Romano
498 768 632 814 fieret
658 767 868 815 :habere
892 784 1001 815 eum
1025 784 1248 831 magnam
1272 768 1456 831 copiam
1483 769 1629 818 socie-

123 852 236 900 tatis
260 853 573 917 amicitiaeque
595 853 952 917 conjungendae,
979 870 1086 917 quae
1110 854 1265 917 potior
1298 854 1422 901 bello
1457 863 1581 903 esset
1607 876 1618 910 ;

124 956 406 1004 quamquam
446 940 615 1004 opibus
656 941 927 996 confideret,
965 957 1062 988 non
1107 940 1276 988 debere
1317 941 1497 989 incerta
1540 959 1628 1006 pro

124 1026 264 1073 certis
288 1033 502 1074 mutare:
540 1043 680 1074 omne
703 1027 881 1075 bellum
907 1027 1032 1074 sumi
1055 1026 1210 1084 facile,
1238 1030 1461 1074 caeterum
1486 1044 1631 1091 aeger-

125 1116 260 1161 rume
284 1112 496 1160 desinere
516 1133 527 1159 :
564 1130 660 1160 non
683 1114 733 1160 in
757 1113 968 1177 ejusdem
986 1120 1222 1176 potestate
1244 1114 1433 1161 initium
1458 1115 1561 1177 ejus
1584 1122 1631 1162 et

124 1201 268 1247 finem
300 1215 428 1247 esse:
466 1199 672 1263 incipere
695 1200 857 1256 cuivis,
886 1200 1028 1247 etiam
1051 1200 1220 1263 ignavo
1243 1200 1415 1255 licere3
1441 1200 1629 1264 deponi,

125 1291 231 1334 cum
254 1288 456 1336 victores
482 1286 642 1335 velint.
679 1286 882 1350 proinde
920 1286 1009 1334 sibi
1049 1302 1289 1350 regnoque
1324 1287 1588 1335 consuleret
1614 1307 1625 1342 ;

124 1379 218 1423 neu
240 1376 453 1423 florentis
476 1391 551 1422 res
577 1391 686 1422 suas
713 1391 821 1422 cum
848 1374 878 1422 J
882 1373 1104 1437 ugurthae
1127 1372 1327 1436 perditis
1361 1373 1630 1421 misceret.''

126 1465 205 1512 Ad
228 1481 282 1512 ea
307 1465 409 1512 Rex
445 1465 559 1511 satis
593 1463 775 1527 placide
809 1463 951 1509 verba
985 1461 1123 1508 facit:
1170 1466 1322 1508 “sese
1356 1476 1522 1524 pacem
1556 1477 1635 1508 cu-

126 1567 251 1615 pere,
284 1550 367 1598 sed
403 1549 658 1614 Jugurthae
694 1550 990 1595 fortunarum
1031 1547 1258 1595 misereri.
1292 1547 1332 1594 si
1367 1546 1531 1595 eadem
1565 1547 1634 1594 illi

127 1637 262 1700 copia
283 1637 430 1692 fieret,
459 1636 618 1683 omnia
637 1635 975 1682 conventura.’'
1050 1633 1235 1681 Rursus
1250 1633 1507 1697 imperator
1527 1650 1636 1682 con-

127 1731 201 1770 tra
223 1722 464 1787 postulata
487 1721 667 1769 Bocchi
690 1720 888 1768 nuncios
922 1720 1088 1767 mittit.
1115 1720 1194 1767 ille
1216 1720 1432 1783 probare,
1459 1721 1635 1783 partim

127 1809 367 1857 abunere.l
449 1809 522 1855 Eo
545 1807 688 1855 modo
714 1824 841 1870 saepe
860 1807 917 1853 ab
936 1813 1136 1870 utroque
1155 1806 1315 1853 missis
1333 1805 1636 1869 remissisque

128 1895 315 1943 nunciis
329 1902 520 1957 tempus
534 1893 802 1958 procedere,
826 1901 887 1949 et,
911 1909 967 1940 ex
982 1892 1168 1939 Metelli
1181 1892 1438 1948 voluntate,
1460 1891 1636 1939 bellum

130 1983 364 2029 intactum
386 1980 528 2027 trahi.

194 2068 474 2116 LXXXIV.
496 2068 563 2114 At
573 2067 774 2123 Marius,
791 2073 846 2114 ut
865 2068 1008 2130 suprii
1024 2065 1246 2121 diximus,
1265 2064 1636 2128 cupientissuma

129 2156 264 2220 plebe
287 2154 467 2203 Consul
490 2154 658 2209 factus,
683 2160 938 2217 postquam
973 2153 1016 2201 ei
1043 2152 1335 2216 provinciam
1358 2151 1636 2199 Numidiam

129 2241 333 2305 populus
350 2240 530 2305 jussit‚¹
566 2240 703 2288 anteit
727 2240 828 2304 jam
862 2239 1065 2287 infestus
1101 2237 1353 2295 nobilitati,
1390 2245 1495 2285 tum
1528 2254 1637 2286 vero

188 2403 420 2441 LXXXIII.
451 2401 464 2424 ¹
488 2402 563 2439 Ille
575 2403 757 2451 probare,
782 2404 932 2451 partim
964 2401 1167 2453 abnuere]
1189 2403 1216 2439 i.
1241 2414 1270 2438 e.
1292 2400 1363 2438 Ille
1391 2399 1531 2448 partim
1549 2412 1638 2448 pro-

134 2468 260 2514 babat,
281 2467 421 2515 partim
440 2468 643 2504 abnuebat.
711 2467 793 2504 The
811 2467 894 2503 first
912 2465 1053 2514 partim
1076 2467 1109 2503 is
1127 2465 1342 2514 frequently
1360 2465 1530 2511 omitted,
1553 2465 1638 2502 Cat.

132 2544 212 2580 cap.
237 2533 270 2578 1,
293 2531 435 2569 Liberti
453 2536 491 2568 et
508 2532 621 2579 pauci
638 2543 690 2567 ex
709 2531 909 2568 clientibus
929 2530 1082 2568 Lentuli
1103 2528 1284 2582 (partim)
1307 2530 1469 2566 divorsis
1495 2529 1639 2566 itineri-

131 2598 215 2644 bus,
234 2596 385 2643 opifices
403 2600 518 2644 atque
536 2595 692 2632 servitia
710 2595 760 2632 ad
778 2605 866 2632 eum
880 2595 1113 2642 eripiendum
1128 2595 1368 2632 solicitabant
1383 2607 1391 2629 :
1413 2590 1553 2641 partim
1567 2604 1639 2630 ex-

133 2663 333 2710 quirebant
352 2663 464 2698 duces
486 2660 900 2698 multitudinum-M.

188 2727 416 2764 LXXXIV.
447 2723 459 2746 ¹
481 2726 538 2762 Ei
550 2723 1001 2776 provinciam—jussit]
1033 2726 1126 2764 This
1154 2730 1326 2763 sentence
1355 2736 1446 2774 may
1476 2726 1521 2762 be
1548 2725 1639 2762 thus

134 2791 316 2839 supplied,
338 2791 385 2827 Ei
403 2790 637 2838 provinciam
653 2790 742 2826 dari
758 2789 995 2839 Jussit.—M.
