1889 3191
260 278 309 313 68
711 275 986 315 SALLUSTII
1015 274 1233 314 CATILIN
1233 274 1280 311 A.

257 407 363 439 rum
386 407 613 448 caussam,
649 407 736 454 pro
757 395 861 439 mea
882 391 1217 439 consuetudine
1249 389 1460 452 suscepi:
1497 404 1589 435 non
1625 388 1738 449 quin

258 489 324 520 aes
357 472 558 520 alienum
592 473 709 519 meis
742 472 1032 519 nominibus⁵
1067 488 1124 519 ex
1156 470 1529 533 possessionibus
1564 468 1738 515 solvere

256 573 464 620 possem;
496 557 603 604 cum
629 557 791 604 alienis
814 557 1082 602 nominibus
1105 556 1357 602 liberalitas
1381 555 1617 601 Orestillae
1641 553 1738 600 suis

254 642 457 705 filiaeque
479 642 625 704 copiis
648 641 958 704 persolveret:
996 640 1078 686 sed
1104 639 1228 702 quod
1260 655 1355 686 non
1390 639 1556 700 dignos
1589 638 1739 685 homi-

255 743 338 773 nes
361 727 536 773 honore
559 727 832 772 honestatos
861 724 1091 779 videbam,
1129 740 1294 786 meque
1328 724 1444 770 falsa
1478 722 1739 784 suspicione

255 811 507 857 alienatum
538 810 811 856 sentiebam.
881 810 987 855 Hoc
1021 809 1208 855 nomine
1244 808 1356 855 satis
1380 808 1616 863 honestas,
1653 823 1739 870 pro

254 911 359 942 meo
382 912 506 950 casu,
546 911 652 957 spes
686 895 878 957 reliquae
913 893 1155 956 dignitatis
1189 893 1518 941 conservandae
1543 909 1647 939 sum
1671 909 1738 940 se·

256 987 408 1028 cutus.
479 980 621 1027 Plura
643 979 750 1027 esim
785 980 984 1027 scribere
1008 979 1188 1034 vellem,
1226 979 1499 1025 nunciatum
1523 984 1608 1034 est,
1644 978 1738 1024 vim

253 1065 373 1112 mihi
396 1064 590 1127 parari.⁶
657 1065 798 1112 Nunc
817 1064 1086 1111 Orestillam
1110 1063 1399 1119 commendo,
1427 1070 1614 1126 tuaeque
1630 1063 1740 1110 fidei

254 1150 417 1205 trado;
456 1166 556 1196 eam
591 1150 648 1195 ab
682 1148 852 1212 injuria
886 1149 1120 1205 defendas,
1159 1165 1243 1212 per
1264 1149 1432 1196 liberos
1466 1155 1573 1195 tuos
1605 1164 1738 1212 roga-

253 1243 345 1282 tus.
371 1234 550 1281 aveto.’'

320 1320 553 1366 XXXVI.
593 1318 683 1365 Sed
717 1319 816 1381 ipse
850 1334 1023 1381 paucos
1059 1318 1158 1365 dies
1194 1323 1507 1365 commoratus
1536 1317 1661 1380 apud
1686 1318 1739 1364 C.

255 1405 536 1451 Flaminium
574 1404 832 1450 Flammam
867 1403 917 1449 in
951 1419 1061 1466 agro
1095 1403 1349 1458 Arretino‚¹
1385 1403 1498 1449 dum
1531 1403 1739 1450 vicinita-

253 1494 362 1541 tem,
402 1493 538 1532 antea
561 1485 870 1540 sollicitatam,
908 1485 1046 1531 armis
1071 1492 1277 1540 exornat,
1316 1501 1422 1531 curn
1445 1485 1648 1532 fascibus
1672 1493 1739 1532 at-

254 1587 342 1634 que
377 1571 478 1617 aliis
512 1570 697 1632 imperii
731 1569 994 1631 insignibus
1027 1570 1076 1615 in
1111 1576 1262 1616 castra
1288 1569 1349 1615 ad
1372 1569 1606 1615 Manlium
1630 1585 1738 1616 con·

252 1656 423 1703 tendit.
508 1655 628 1701 Haec
651 1655 733 1700 ubi
757 1654 922 1701 Romae
946 1661 1199 1716 comperta,
1227 1660 1416 1701 senatus
1443 1659 1475 1679 “
1491 1654 1740 1701 Catilinam

255 1747 301 1788 et
339 1740 572 1787 Manlium
611 1740 771 1786 hostes
801 1739 1014 1802 judicat;
1068 1746 1250 1786 caeterae
1291 1739 1581 1785 multitudini
1617 1739 1740 1786 diem

256 1825 434 1881 statuit,
471 1833 578 1871 ante
615 1841 754 1886 quam
792 1824 891 1870 sine
927 1822 1111 1870 fraude²
1145 1825 1303 1870 liceret
1336 1825 1393 1870 ab
1427 1825 1568 1870 armis
1596 1824 1741 1871 disce-

308 1959 323 1980 ⁵
345 1961 445 1996 Aleis
464 1958 713 2010 nominibus]
748 1959 978 1996 Nominibus
1011 1960 1154 1995 solvere
1186 1964 1242 1995 est
1273 1958 1422 2005 proprie
1451 1971 1497 1994 eae
1525 1961 1739 1996 nominibus

254 2026 333 2062 sive
350 2020 544 2071 propterea
562 2023 714 2067 solvere,
736 2023 834 2069 quod
847 2033 981 2058 nomen
995 2031 1104 2058 tuum
1124 2026 1160 2057 et
1179 2033 1366 2058 summam
1385 2023 1563 2058 creditam
1575 2023 1613 2058 in
1628 2024 1738 2060 tabu-

253 2087 300 2123 lis
320 2088 397 2124 suis
415 2086 611 2132 scripserit,
633 2090 670 2121 et
702 2085 779 2131 ipse
808 2085 848 2120 in
880 2089 965 2121 tuas
997 2084 1176 2130 retuleris,
1206 2084 1266 2120 cui
1295 2089 1332 2121 et
1364 2086 1463 2132 quod
1489 2087 1632 2122 debeas.
1690 2086 1740 2122 Et

253 2149 392 2185 altenis
411 2148 624 2184 nominibus
643 2146 795 2191 solvere,
817 2151 873 2183 est
891 2157 934 2182 ea
953 2146 1078 2182 debita
1106 2145 1264 2182 aliorum
1283 2146 1434 2193 solvere,
1454 2158 1522 2193 pro
1541 2147 1675 2194 quibus
1694 2147 1738 2182 fi—

253 2212 340 2247 dem
359 2215 465 2246 tuam
484 2208 859 2255 interposuisti.--M.

305 2272 323 2294 ⁶
354 2275 435 2311 Vim
454 2273 549 2308 mihi
565 2271 742 2321 parm-22]
777 2273 858 2308 Vim
879 2273 940 2308 cui
951 2284 1111 2319 parare,
1132 2273 1229 2309 idem
1246 2276 1302 2309 est
1320 2284 1362 2309 ac
1376 2270 1558 2309 violenter
1573 2273 1739 2321 aliquem

255 2338 388 2384 ayredi
407 2335 622 2371 vellen—M.

310 2398 501 2436 XXXVI.
525 2395 538 2418 ¹
559 2396 663 2444 Ayro
684 2394 901 2445 Arretina]
933 2396 1012 2432 The
1031 2400 1191 2444 country
1210 2397 1326 2433 about
1344 2395 1576 2443 Arretinum,
1595 2408 1619 2433 a
1636 2401 1740 2434 town

255 2465 294 2500 in
313 2462 590 2500 Etruria—M.

307 2527 321 2549 ²
343 2528 431 2565 Sine
441 2525 624 2577 frauda]
659 2526 746 2561 Sine
756 2525 903 2573 fraude
914 2525 945 2560 is
957 2525 1048 2560 used
1065 2524 1106 2560 in
1124 2528 1199 2561 two
1211 2524 1381 2561 different
1393 2536 1526 2562 senses.
1559 2527 1596 2562 1.
1611 2524 1740 2563 Some-

258 2596 367 2632 times
386 2594 417 2629 it
449 2592 612 2639 signifies
630 2590 791 2626 without
823 2589 919 2626 trick
951 2599 993 2624 or
1019 2588 1302 2634 dissimulation,
1324 2588 1348 2624 i.
1371 2601 1400 2624 e.
1421 2588 1602 2636 sincerely
1633 2599 1674 2625 or
1701 2589 1740 2623 in

257 2657 355 2704 good
374 2659 530 2691 eat-nest.
587 2653 681 2690 Caes.
702 2652 740 2687 ii.
758 2652 840 2689 Civ.
861 2663 940 2697 cap,
972 2652 1033 2697 22,
1057 2651 1144 2688 Sese
1163 2652 1292 2687 dedere
1311 2651 1390 2687 sine
1406 2651 1538 2687 fraude
1557 2651 1739 2687 constitu-

256 2724 337 2756 unt.
395 2719 430 2754 2.
462 2717 692 2760 Sometimes,
713 2726 754 2750 as
772 2715 870 2760 here,
890 2715 921 2750 it
940 2714 1104 2761 signifies
1118 2714 1278 2750 without
1291 2713 1399 2760 guilt,
1415 2713 1576 2749 without
1588 2714 1739 2760 danger,

254 2780 419 2818 without
436 2777 522 2823 los-«³,
543 2777 704 2813 without
720 2777 821 2820 hurt,
844 2786 885 2812 or
904 2775 1063 2812 without
1090 2775 1343 2821 punishment.
1401 2773 1451 2811 So
1471 2774 1553 2811 Liv.
1574 2775 1687 2811 xxvi.
1708 2786 1738 2810 c.
