1889 3191
275 267 351 305 216
656 267 936 307 SALLUSTII
963 267 989 305 J
991 267 1221 306 UGURTH
1226 265 1380 304 INUM.

276 383 402 446 quod
424 384 648 432 Metellus
672 384 874 448 amplius
898 384 1117 448 opinione
1140 383 1423 438 morabatur,
1449 380 1668 428 instructi
1699 381 1769 428 in-

274 469 484 532 tentique
529 470 713 516 obviam
758 469 1034 532 procedunt.
1107 468 1234 514 Nam
1277 467 1412 514 dolus
1448 465 1766 513 Numidarum

273 553 392 600 nihil
415 553 638 616 languidi,
666 569 815 616 neque
838 552 1022 599 remissi
1046 552 1326 614 patiebatur.
1396 550 1467 597 Ac
1489 550 1656 613 primo,
1684 549 1765 596 ob-

273 638 408 685 scurz‘i
429 645 580 694 nocte,
607 643 858 700 postquam
891 636 1021 682 haud
1043 635 1205 698 procul
1238 635 1361 682 inter
1395 651 1444 682 se
1465 641 1611 690 erant,
1650 640 1767 681 stre-

270 723 389 785 pitu,
418 723 543 768 velut
567 722 742 776 hostes,
771 720 1055 775 adventare,l
1079 719 1212 766 alteri
1246 719 1374 782 apud
1396 719 1567 766 alteros
1602 719 1761 766 formi-

271 806 427 853 dinem
455 805 608 861 simul,
635 812 682 852 et
715 805 973 851 tumultum
1009 804 1188 858 facere3
1226 811 1272 850 et
1294 806 1415 866 pene
1450 803 1766 865 imprudentia

269 892 532 938 admissum
555 891 736 939 facinus
760 890 1038 945 miserabile,
1058 890 1108 935 ni
1123 889 1358 952 utrimque
1375 888 1611 952 praemissi
1638 888 1765 952 equi-

269 985 342 1025 tes
365 993 464 1024 rem
488 976 869 1039 exploravissent.
938 975 1106 1037 Igitur,
1133 990 1219 1036 pro
1254 980 1399 1030 metu,
1437 974 1626 1035 repente
1649 990 1761 1036 gau·

268 1061 401 1108 dium
427 1067 654 1117 exortum,
690 1061 862 1107 milites
900 1060 1020 1106 alius
1058 1059 1201 1105 alium
1241 1057 1341 1105 laeti
1380 1057 1632 1121 adpellant,
1660 1065 1763 1105 acta

270 1146 464 1194 edocent
487 1154 626 1211 atque
650 1146 848 1193 audiunt
874 1165 884 1191 :
923 1162 1006 1192 sua
1030 1145 1225 1209 quisque
1261 1143 1400 1191 fortia
1431 1143 1556 1191 facta
1590 1144 1650 1192 ad
1672 1160 1763 1192 coe-

267 1232 365 1280 lum
389 1232 522 1279 ferre.
593 1232 782 1294 Quippe
805 1247 878 1278 res
901 1231 1122 1277 humanae
1145 1229 1211 1276 ita
1237 1246 1336 1276 sese
1359 1229 1536 1276 habent
1556 1250 1568 1285 3
1594 1229 1644 1276 in
1667 1230 1760 1277 vic-

267 1318 386 1364 toria
408 1318 480 1364 vel
503 1317 684 1381 ignavis
718 1316 904 1379 gloriari
930 1315 1065 1371 licet;
1104 1314 1314 1362 advorsae
1348 1331 1422 1362 res
1446 1315 1587 1362 etiam
1613 1315 1760 1361 bonos

267 1401 545 1450 detractant.

333 1487 464 1533 LIV.
503 1487 728 1533 Metellus
767 1487 815 1532 in
851 1486 1000 1533 isdem
1041 1486 1206 1532 castris
1247 1484 1497 1549 quatriduo
1531 1491 1755 1539 moratus»,

267 1572 448 1619 saucios
473 1588 580 1618 cum
604 1571 729 1618 cura.¹
753 1573 914 1628 reficit,
937 1572 1129 1619 meritos
1152 1572 1201 1618 in
1225 1571 1400 1634 praeliis
1424 1587 1554 1619 more
1577 1571 1758 1618 militiae

266 1658 426 1705 donat.
452 1657 694 1705 universos
718 1658 767 1704 in
801 1658 1021 1705 concione
1056 1657 1230 1714 laudat,
1258 1664 1398 1721 atque
1420 1657 1516 1719 agit
1550 1656 1723 1720 gratias
1746 1678 1758 1713 ;

265 1743 494 1799 hortatur,
528 1743 637 1789 “ad
678 1752 860 1797 caetera,
887 1760 993 1806 quae
1034 1743 1152 1790 levia
1192 1751 1318 1798 sunt,
1345 1759 1506 1806 parem
1549 1743 1759 1789 animum

264 1836 428 1891 gerant
447 1848 456 1874 :
483 1844 568 1891 pro
592 1829 786 1874 victoria
809 1829 921 1874 satis
939 1829 1038 1892 jam
1057 1835 1334 1892 pugnatum,
1357 1828 1559 1891 reliquos
1577 1828 1758 1875 labores

263 1927 348 1974 pro
371 1910 533 1973 praedii
555 1910 704 1957 fore.''
755 1910 933 1957 Tamen
957 1912 1147 1958 interim
1171 1911 1440 1974 transfugas
1465 1918 1511 1959 et
1534 1912 1649 1958 alios
1672 1927 1756 1975 op-

261 2006 504 2059 portunos,
532 1997 563 2044 J
568 1997 772 2059 ugurtha
795 1997 875 2043 ubi
898 1999 1125 2060 gentium,
1154 2005 1236 2045 aut
1259 1999 1372 2062 quid
1395 2000 1593 2061 agitaret
1614 2019 1625 2053 ;
1648 2015 1754 2045 cum

319 2213 424 2249 LIII.
456 2210 468 2234 ¹
494 2212 672 2259 strepitu.
695 2211 795 2248 velut
814 2211 947 2256 hostes,
970 2209 1214 2261 adventura]
1237 2212 1327 2248 This
1346 2212 1377 2248 is
1396 2212 1460 2248 the
1479 2216 1619 2248 correct
1637 2223 1756 2259 punc·

262 2278 419 2321 tuatiou,
443 2278 480 2315 Si
502 2278 591 2324 quid
610 2277 729 2311 video.
800 2276 908 2311 Velut
935 2275 1058 2311 hostes
1087 2276 1300 2312 adventare
1319 2275 1350 2310 is
1378 2279 1444 2311 not
1472 2275 1536 2311 the
1563 2280 1755 2311 construc-

263 2343 351 2379 tion.
410 2343 517 2390 They
536 2342 771 2388 approached
791 2342 881 2377 with
915 2342 1016 2377 noise
1049 2353 1089 2377 or
1108 2341 1170 2377 din
1190 2352 1241 2386 as,
1264 2351 1305 2376 or
1337 2339 1412 2376 like
1439 2342 1624 2385 enemies;
1661 2341 1755 2378 Cum

260 2407 418 2453 strepitu
438 2407 561 2442 would
582 2407 627 2441 be
655 2417 755 2441 more
783 2405 914 2449 usual3
946 2406 1012 2441 but
1045 2405 1109 2440 the
1141 2404 1369 2451 proposition
1402 2415 1493 2457 may
1512 2405 1557 2440 be
1584 2405 1752 2441 omitted.

263 2473 330 2510 See
351 2473 432 2508 Liv.
457 2474 490 2516 7,
515 2474 547 2516 7,
571 2473 605 2512 8,
630 2472 783 2518 Equites
802 2470 963 2507 clamore
982 2470 1182 2517 provolant
1200 2475 1287 2505 ante
1307 2470 1527 2517 signa—C.

315 2539 416 2575 LIV.
450 2535 458 2558 ¹
490 2537 582 2573 Cum
605 2537 708 2581 cura,
734 2534 821 2585 δῖα]
854 2536 921 2573 See
949 2536 1007 2571 ch.
1034 2536 1093 2579 14,
1123 2534 1216 2571 Cum
1246 2547 1401 2570 moerore
1429 2541 1465 2572 et
1495 2535 1610 2579 luctu,
1632 2536 1755 2571 which

261 2603 411 2638 Curtius
429 2602 617 2637 considers
635 2606 701 2636 not
721 2600 883 2647 elegant.
942 2600 1009 2637 See
1029 2599 1107 2635 also
1123 2599 1235 2636 Catil.
1257 2611 1286 2635 c.
1306 2601 1352 2635 51
1372 2613 1381 2642 ς
1404 2598 1486 2634 Liv.
1509 2600 1570 2642 25,
1587 2600 1636 2635 22
1653 2612 1662 2642 ;
1679 2599 1754 2634 and

260 2669 321 2711 39,
345 2669 366 2703 2
385 2681 393 2711 3
424 2668 471 2702 ib.
494 2678 524 2702 c.
547 2667 619 2711 23;
650 2666 768 2701 Tacit.
789 2665 890 2701 ΑΒΗ.
915 2667 973 2710 11,
1000 2665 1073 2710 12;
1105 2663 1210 2701 Curt.
1233 2666 1267 2711 3,
1295 2666 1364 2709 1·2;
1387 2663 1512 2700 Plaut.
1537 2664 1634 2700 Rud.
1657 2664 1752 2699 Pro-

258 2732 332 2779 log.
354 2743 392 2768 v.
414 2733 462 2768 29
481 2745 489 2775 ς
519 2732 618 2767 idem
636 2731 676 2766 in
696 2731 919 2767 Menaechm.
942 2731 976 2774 5,
999 2731 1034 2774 4,
1059 2732 1106 2774 73
1129 2729 1219 2766 Cael.
1240 2731 1278 2766 in
1300 2730 1416 2767 Cicer.
1438 2729 1533 2776 Epp.
1549 2729 1597 2764 ad
1617 2728 1750 2764 Famil.

260 2797 295 2841 8,
321 2797 380 2832 14.
438 2795 557 2831 These
577 2794 770 2840 examples
791 2794 809 2830 Ι
829 2795 926 2830 have
946 2794 1060 2830 taken
1075 2794 1171 2830 from
1192 2806 1215 2830 a
1233 2799 1320 2831 note
1339 2795 1381 2830 of
1395 2792 1653 2832 eortius—c,
