<?xml version="1.0" encoding="UTF-8"?>
<!DOCTYPE html PUBLIC "-//W3C//DTD XHTML 1.0 Transitional//EN"
    "http://www.w3.org/TR/xhtml1/DTD/xhtml1-transitional.dtd">
<html xmlns="http://www.w3.org/1999/xhtml" xml:lang="en" lang="en">
 <head>
  <title>
</title>
<meta http-equiv="Content-Type" content="text/html;charset=utf-8" />
  <meta name='ocr-system' content='tesseract 3.04.00' />
  <meta name='ocr-capabilities' content='ocr_page ocr_carea ocr_par ocr_line ocrx_word'/>
</head>
<body>
  <div class='ocr_page' id='page_1' title='image "./sallusts00salluoft_0193.png"; bbox 0 0 1889 3191; ppageno 0'>
   <div class='ocr_carea' id='block_1_1' title="bbox 516 212 1627 253">
    <p class='ocr_par' dir='ltr' id='par_1_1' title="bbox 516 212 1627 253">
     <span class='ocr_line' id='line_1_1' title="bbox 516 212 1627 253; baseline -0.005 0"><span class='ocrx_word' id='word_1_1' title='bbox 516 213 794 253; x_wconf 83' lang='lat' dir='ltr'>SALLUSTII</span> <span class='ocrx_word' id='word_1_2' title='bbox 822 212 1140 251; x_wconf 69' lang='lat' dir='ltr'>JUGURTHIN</span> <span class='ocrx_word' id='word_1_3' title='bbox 1147 213 1240 250; x_wconf 78' lang='lat' dir='ltr'><strong>CM.</strong></span> <span class='ocrx_word' id='word_1_4' title='bbox 1555 217 1572 249; x_wconf 88' lang='lat'>1</span> <span class='ocrx_word' id='word_1_5' title='bbox 1581 215 1627 250; x_wconf 77' lang='lat'><strong>79</strong></span> 
     </span>
    </p>
   </div>
   <div class='ocr_carea' id='block_1_2' title="bbox 127 328 1639 2190">
    <p class='ocr_par' dir='ltr' id='par_1_2' title="bbox 127 328 1639 2190">
     <span class='ocr_line' id='line_1_2' title="bbox 131 328 1624 386; baseline -0.004 -7"><span class='ocrx_word' id='word_1_6' title='bbox 131 332 296 380; x_wconf 85' lang='lat' dir='ltr'><strong>Gracci</strong></span> <span class='ocrx_word' id='word_1_7' title='bbox 320 340 367 380; x_wconf 91' lang='lat' dir='ltr'><strong>et</strong></span> <span class='ocrx_word' id='word_1_8' title='bbox 391 332 460 378; x_wconf 87' lang='lat' dir='ltr'><strong>M.</strong></span> <span class='ocrx_word' id='word_1_9' title='bbox 489 331 642 378; x_wconf 84' lang='lat' dir='ltr'><strong>Fulvii</strong></span> <span class='ocrx_word' id='word_1_10' title='bbox 665 331 856 386; x_wconf 80' lang='lat' dir='ltr'><strong>caedem,</strong></span> <span class='ocrx_word' id='word_1_11' title='bbox 884 330 997 376; x_wconf 88' lang='lat' dir='ltr'><strong>item</strong></span> <span class='ocrx_word' id='word_1_12' title='bbox 1032 329 1170 375; x_wconf 85' lang='lat' dir='ltr'><strong>multi</strong></span> <span class='ocrx_word' id='word_1_13' title='bbox 1193 328 1339 375; x_wconf 84' lang='lat' dir='ltr'><strong>vestri</strong></span> <span class='ocrx_word' id='word_1_14' title='bbox 1362 328 1540 374; x_wconf 86' lang='lat' dir='ltr'>ordinis</span> <span class='ocrx_word' id='word_1_15' title='bbox 1574 330 1624 374; x_wconf 89' lang='lat' dir='ltr'><strong>in</strong></span> 
     </span>
     <span class='ocr_line' id='line_1_3' title="bbox 130 413 1630 479; baseline -0.005 -14"><span class='ocrx_word' id='word_1_16' title='bbox 130 434 311 464; x_wconf 85' lang='lat' dir='ltr'><strong>carcere</strong></span> <span class='ocrx_word' id='word_1_17' title='bbox 335 417 489 464; x_wconf 88' lang='lat' dir='ltr'><strong>necati</strong></span> <span class='ocrx_word' id='word_1_18' title='bbox 514 424 624 463; x_wconf 89' lang='lat' dir='ltr'><strong>sunt</strong></span> <span class='ocrx_word' id='word_1_19' title='bbox 647 435 656 462; x_wconf 73' lang='grc' dir='ltr'><strong>ε</strong></span> <span class='ocrx_word' id='word_1_20' title='bbox 696 416 944 479; x_wconf 84' lang='lat' dir='ltr'><strong>utriusque</strong></span> <span class='ocrx_word' id='word_1_21' title='bbox 966 414 1113 462; x_wconf 84' lang='lat' dir='ltr'><strong>cladis</strong></span> <span class='ocrx_word' id='word_1_22' title='bbox 1137 431 1232 460; x_wconf 88' lang='lat' dir='ltr'><strong>non</strong></span> <span class='ocrx_word' id='word_1_23' title='bbox 1255 414 1346 469; x_wconf 81' lang='lat' dir='ltr'><strong>lex,</strong></span> <span class='ocrx_word' id='word_1_24' title='bbox 1374 416 1535 460; x_wconf 70' lang='lat' dir='ltr'><strong>verum</strong></span> <span class='ocrx_word' id='word_1_25' title='bbox 1560 413 1630 458; x_wconf 93' lang='lat' dir='ltr'><strong>lu-</strong></span> 
     </span>
     <span class='ocr_line' id='line_1_4' title="bbox 129 497 1622 561; baseline -0.004 -12"><span class='ocrx_word' id='word_1_26' title='bbox 129 503 237 549; x_wconf 89' lang='lat' dir='ltr'>bido</span> <span class='ocrx_word' id='word_1_27' title='bbox 261 519 422 549; x_wconf 90' lang='lat' dir='ltr'><strong>eorum</strong></span> <span class='ocrx_word' id='word_1_28' title='bbox 445 504 588 550; x_wconf 92' lang='lat' dir='ltr'><strong>finem</strong></span> <span class='ocrx_word' id='word_1_29' title='bbox 622 502 750 549; x_wconf 84' lang='lat' dir='ltr'><strong>feeit.</strong></span> <span class='ocrx_word' id='word_1_30' title='bbox 822 501 915 548; x_wconf 90' lang='lat' dir='ltr'><strong>Sed</strong></span> <span class='ocrx_word' id='word_1_31' title='bbox 949 504 1062 547; x_wconf 76' lang='lat' dir='ltr'><strong>sane</strong></span> <span class='ocrx_word' id='word_1_32' title='bbox 1087 500 1227 546; x_wconf 85' lang='lat' dir='ltr'><strong>fuerit</strong></span> <span class='ocrx_word' id='word_1_33' title='bbox 1262 498 1396 561; x_wconf 85' lang='lat' dir='ltr'><strong>regui</strong></span> <span class='ocrx_word' id='word_1_34' title='bbox 1426 497 1622 561; x_wconf 88' lang='lat' dir='ltr'><strong>paratio,</strong></span> 
     </span>
     <span class='ocr_line' id='line_1_5' title="bbox 127 582 1628 650; baseline -0.004 -16"><span class='ocrx_word' id='word_1_35' title='bbox 127 587 254 649; x_wconf 92' lang='lat' dir='ltr'><strong>plebi</strong></span> <span class='ocrx_word' id='word_1_36' title='bbox 277 604 361 634; x_wconf 89' lang='lat' dir='ltr'><strong>sua</strong></span> <span class='ocrx_word' id='word_1_37' title='bbox 382 588 660 634; x_wconf 82' lang='lat' dir='ltr'><strong>restituere:</strong></span> <span class='ocrx_word' id='word_1_38' title='bbox 697 586 925 650; x_wconf 83' lang='lat' dir='ltr'><strong>quidquid</strong></span> <span class='ocrx_word' id='word_1_39' title='bbox 961 585 1061 632; x_wconf 91' lang='lat' dir='ltr'><strong>sine</strong></span> <span class='ocrx_word' id='word_1_40' title='bbox 1096 585 1327 646; x_wconf 84' lang='lat' dir='ltr'><strong>sanguine</strong></span> <span class='ocrx_word' id='word_1_41' title='bbox 1361 583 1534 630; x_wconf 72' lang='lat' dir='ltr'><strong>civium</strong></span> <span class='ocrx_word' id='word_1_42' title='bbox 1557 582 1628 628; x_wconf 93' lang='lat' dir='ltr'><strong>ul-</strong></span> 
     </span>
     <span class='ocr_line' id='line_1_6' title="bbox 129 668 1631 736; baseline -0.003 -18"><span class='ocrx_word' id='word_1_43' title='bbox 129 672 239 718; x_wconf 86' lang='lat' dir='ltr'><strong>cisci</strong></span> <span class='ocrx_word' id='word_1_44' title='bbox 262 673 494 736; x_wconf 82' lang='lat' dir='ltr'><strong>nequitur,</strong></span> <span class='ocrx_word' id='word_1_45' title='bbox 515 673 621 736; x_wconf 86' lang='lat' dir='ltr'><strong>jure</strong></span> <span class='ocrx_word' id='word_1_46' title='bbox 644 672 822 720; x_wconf 83' lang='lat' dir='ltr'><strong>factum</strong></span> <span class='ocrx_word' id='word_1_47' title='bbox 841 671 918 719; x_wconf 86' lang='lat' dir='ltr'><strong>sit.</strong></span> <span class='ocrx_word' id='word_1_48' title='bbox 990 670 1317 734; x_wconf 88' lang='lat' dir='ltr'><strong>Superioribus</strong></span> <span class='ocrx_word' id='word_1_49' title='bbox 1335 669 1471 716; x_wconf 80' lang='lat' dir='ltr'><strong>annis</strong></span> <span class='ocrx_word' id='word_1_50' title='bbox 1498 668 1631 715; x_wconf 85' lang='lat' dir='ltr'><strong>taciti</strong></span> 
     </span>
     <span class='ocr_line' id='line_1_7' title="bbox 128 753 1631 820; baseline -0.003 -17"><span class='ocrx_word' id='word_1_51' title='bbox 128 757 514 819; x_wconf 77' lang='lat' dir='ltr'><strong>indignabamini,</strong></span> <span class='ocrx_word' id='word_1_52' title='bbox 540 757 759 805; x_wconf 77' lang='lat' dir='ltr'><strong>aerarium</strong></span> <span class='ocrx_word' id='word_1_53' title='bbox 794 755 1020 820; x_wconf 77' lang='lat' dir='ltr'><strong>expilari3</strong></span> <span class='ocrx_word' id='word_1_54' title='bbox 1056 771 1190 818; x_wconf 87' lang='lat' dir='ltr'><strong>reges</strong></span> <span class='ocrx_word' id='word_1_55' title='bbox 1214 761 1261 801; x_wconf 89' lang='lat' dir='ltr'><strong>et</strong></span> <span class='ocrx_word' id='word_1_56' title='bbox 1283 754 1482 818; x_wconf 87' lang='lat' dir='ltr'><strong>populos</strong></span> <span class='ocrx_word' id='word_1_57' title='bbox 1516 753 1631 800; x_wconf 90' lang='lat' dir='ltr'><strong>libe-</strong></span> 
     </span>
     <span class='ocr_line' id='line_1_8' title="bbox 130 838 1631 906; baseline -0.002 -18"><span class='ocrx_word' id='word_1_58' title='bbox 130 859 207 889; x_wconf 87' lang='lat' dir='ltr'><strong>ros</strong></span> <span class='ocrx_word' id='word_1_59' title='bbox 230 843 391 905; x_wconf 83' lang='lat' dir='ltr'><strong>paucis</strong></span> <span class='ocrx_word' id='word_1_60' title='bbox 413 844 650 890; x_wconf 88' lang='lat' dir='ltr'><strong>nobilibus</strong></span> <span class='ocrx_word' id='word_1_61' title='bbox 683 842 881 906; x_wconf 83' lang='lat' dir='ltr'><strong>vectigal</strong></span> <span class='ocrx_word' id='word_1_62' title='bbox 909 841 1111 905; x_wconf 91' lang='lat' dir='ltr'><strong>pendere</strong></span> <span class='ocrx_word' id='word_1_63' title='bbox 1136 860 1148 896; x_wconf 82' lang='lat'>3</span> <span class='ocrx_word' id='word_1_64' title='bbox 1189 856 1334 903; x_wconf 89' lang='lat' dir='ltr'><strong>penes</strong></span> <span class='ocrx_word' id='word_1_65' title='bbox 1358 838 1549 886; x_wconf 90' lang='lat' dir='ltr'><strong>eosdem</strong></span> <span class='ocrx_word' id='word_1_66' title='bbox 1584 845 1631 886; x_wconf 90' lang='lat' dir='ltr'><strong>et</strong></span> 
     </span>
     <span class='ocr_line' id='line_1_9' title="bbox 132 925 1633 990; baseline -0.001 -17"><span class='ocrx_word' id='word_1_67' title='bbox 132 944 365 975; x_wconf 86' lang='lat' dir='ltr'><strong>summam</strong></span> <span class='ocrx_word' id='word_1_68' title='bbox 388 929 601 990; x_wconf 84' lang='lat' dir='ltr'><strong>gloriam,</strong></span> <span class='ocrx_word' id='word_1_69' title='bbox 630 935 676 975; x_wconf 85' lang='lat' dir='ltr'><strong>et</strong></span> <span class='ocrx_word' id='word_1_70' title='bbox 700 943 945 975; x_wconf 81' lang='lat' dir='ltr'><strong>maxumas</strong></span> <span class='ocrx_word' id='word_1_71' title='bbox 970 926 1157 973; x_wconf 75' lang='lat' dir='ltr'><strong>divitias</strong></span> <span class='ocrx_word' id='word_1_72' title='bbox 1183 942 1308 973; x_wconf 89' lang='lat' dir='ltr'><strong>esse:</strong></span> <span class='ocrx_word' id='word_1_73' title='bbox 1346 934 1507 972; x_wconf 86' lang='lat' dir='ltr'><strong>tamen</strong></span> <span class='ocrx_word' id='word_1_74' title='bbox 1528 925 1633 972; x_wconf 90' lang='lat' dir='ltr'><strong>haee</strong></span> 
     </span>
     <span class='ocr_line' id='line_1_10' title="bbox 131 1010 1633 1076; baseline -0.003 -16"><span class='ocrx_word' id='word_1_75' title='bbox 131 1014 244 1060; x_wconf 85' lang='lat' dir='ltr'><strong>talia</strong></span> <span class='ocrx_word' id='word_1_76' title='bbox 265 1013 474 1060; x_wconf 86' lang='lat' dir='ltr'><strong>facinora</strong></span> <span class='ocrx_word' id='word_1_77' title='bbox 495 1014 691 1076; x_wconf 79' lang='lat' dir='ltr'><strong>impune</strong></span> <span class='ocrx_word' id='word_1_78' title='bbox 716 1013 993 1075; x_wconf 85' lang='lat' dir='ltr'><strong>suscepisse,</strong></span> <span class='ocrx_word' id='word_1_79' title='bbox 1021 1015 1191 1073; x_wconf 69' lang='lat' dir='ltr'><strong>parum</strong></span> <span class='ocrx_word' id='word_1_80' title='bbox 1225 1010 1449 1057; x_wconf 84' lang='lat' dir='ltr'><strong>habuere.</strong></span> <span class='ocrx_word' id='word_1_81' title='bbox 1475 1011 1633 1072; x_wconf 86' lang='lat' dir='ltr'><strong>itaque</strong></span> 
     </span>
     <span class='ocr_line' id='line_1_11' title="bbox 132 1095 1628 1162; baseline -0.003 -18"><span class='ocrx_word' id='word_1_82' title='bbox 132 1100 371 1160; x_wconf 79' lang='lat' dir='ltr'><strong>postremo</strong></span> <span class='ocrx_word' id='word_1_83' title='bbox 391 1100 534 1162; x_wconf 85' lang='lat' dir='ltr'><strong>leges,</strong></span> <span class='ocrx_word' id='word_1_84' title='bbox 554 1098 780 1161; x_wconf 88' lang='lat' dir='ltr'><strong>majestas</strong></span> <span class='ocrx_word' id='word_1_85' title='bbox 805 1104 971 1150; x_wconf 66' lang='lat' dir='ltr'><strong>vestra„</strong></span> <span class='ocrx_word' id='word_1_86' title='bbox 990 1096 1149 1143; x_wconf 78' lang='lat' dir='ltr'><strong>divina</strong></span> <span class='ocrx_word' id='word_1_87' title='bbox 1163 1102 1209 1143; x_wconf 91' lang='lat' dir='ltr'><strong>et</strong></span> <span class='ocrx_word' id='word_1_88' title='bbox 1230 1095 1440 1141; x_wconf 86' lang='lat' dir='ltr'><strong>humana</strong></span> <span class='ocrx_word' id='word_1_89' title='bbox 1458 1095 1628 1150; x_wconf 89' lang='lat' dir='ltr'><strong>omnia,</strong></span> 
     </span>
     <span class='ocr_line' id='line_1_12' title="bbox 133 1180 1633 1246; baseline -0.004 -14"><span class='ocrx_word' id='word_1_90' title='bbox 133 1186 351 1232; x_wconf 83' lang='lat' dir='ltr'><strong>hostibus</strong></span> <span class='ocrx_word' id='word_1_91' title='bbox 373 1185 548 1232; x_wconf 77' lang='lat' dir='ltr'><strong>tradita</strong></span> <span class='ocrx_word' id='word_1_92' title='bbox 570 1192 698 1232; x_wconf 86' lang='lat' dir='ltr'><strong>sunt.</strong></span> <span class='ocrx_word' id='word_1_93' title='bbox 770 1183 937 1246; x_wconf 80' lang='lat' dir='ltr'><strong>Neque</strong></span> <span class='ocrx_word' id='word_1_94' title='bbox 973 1198 1066 1238; x_wconf 83' lang='lat' dir='ltr'><strong>eOS,</strong></span> <span class='ocrx_word' id='word_1_95' title='bbox 1094 1182 1175 1245; x_wconf 88' lang='lat' dir='ltr'><strong>qui</strong></span> <span class='ocrx_word' id='word_1_96' title='bbox 1211 1197 1264 1229; x_wconf 88' lang='lat' dir='ltr'><strong>ea</strong></span> <span class='ocrx_word' id='word_1_97' title='bbox 1285 1181 1448 1236; x_wconf 87' lang='lat' dir='ltr'><strong>fecere,</strong></span> <span class='ocrx_word' id='word_1_98' title='bbox 1486 1180 1633 1244; x_wconf 84' lang='lat' dir='ltr'><strong>pudet</strong></span> 
     </span>
     <span class='ocr_line' id='line_1_13' title="bbox 135 1267 1634 1334; baseline -0.003 -16"><span class='ocrx_word' id='word_1_99' title='bbox 135 1279 215 1317; x_wconf 83' lang='lat' dir='ltr'><strong>aut</strong></span> <span class='ocrx_word' id='word_1_100' title='bbox 238 1271 464 1334; x_wconf 80' lang='lat' dir='ltr'><strong>poenitet:</strong></span> <span class='ocrx_word' id='word_1_101' title='bbox 502 1270 584 1318; x_wconf 91' lang='lat' dir='ltr'><strong>sed</strong></span> <span class='ocrx_word' id='word_1_102' title='bbox 606 1269 833 1317; x_wconf 86' lang='lat' dir='ltr'><strong>incedunt</strong></span> <span class='ocrx_word' id='word_1_103' title='bbox 856 1286 941 1332; x_wconf 91' lang='lat' dir='ltr'><strong>per</strong></span> <span class='ocrx_word' id='word_1_104' title='bbox 964 1285 1045 1316; x_wconf 85' lang='lat' dir='ltr'><strong>ora</strong></span> <span class='ocrx_word' id='word_1_105' title='bbox 1068 1274 1224 1315; x_wconf 78' lang='lat' dir='ltr'><strong>vestra</strong></span> <span class='ocrx_word' id='word_1_106' title='bbox 1246 1267 1486 1330; x_wconf 73' lang='lat' dir='ltr'><strong>magnifici</strong></span> <span class='ocrx_word' id='word_1_107' title='bbox 1509 1287 1520 1321; x_wconf 94' lang='lat'>;</span> <span class='ocrx_word' id='word_1_108' title='bbox 1564 1283 1634 1313; x_wconf 89' lang='lat' dir='ltr'><strong>sa·</strong></span> 
     </span>
     <span class='ocr_line' id='line_1_14' title="bbox 131 1355 1629 1419; baseline -0.003 -15"><span class='ocrx_word' id='word_1_109' title='bbox 131 1357 341 1404; x_wconf 79' lang='lat' dir='ltr'><strong>cerdotia</strong></span> <span class='ocrx_word' id='word_1_110' title='bbox 360 1365 407 1404; x_wconf 89' lang='lat' dir='ltr'><strong>et</strong></span> <span class='ocrx_word' id='word_1_111' title='bbox 430 1357 716 1412; x_wconf 88' lang='lat' dir='ltr'><strong>consulatus,</strong></span> <span class='ocrx_word' id='word_1_112' title='bbox 742 1372 852 1419; x_wconf 88' lang='lat' dir='ltr'><strong>pars</strong></span> <span class='ocrx_word' id='word_1_113' title='bbox 876 1355 1146 1418; x_wconf 88' lang='lat' dir='ltr'><strong>triumphos</strong></span> <span class='ocrx_word' id='word_1_114' title='bbox 1171 1370 1282 1401; x_wconf 90' lang='lat' dir='ltr'><strong>suos</strong></span> <span class='ocrx_word' id='word_1_115' title='bbox 1306 1362 1600 1401; x_wconf 79' lang='lat' dir='ltr'><strong>ostentantes</strong></span> <span class='ocrx_word' id='word_1_116' title='bbox 1621 1374 1629 1400; x_wconf 75' lang='grc' dir='ltr'>ε</span> 
     </span>
     <span class='ocr_line' id='line_1_15' title="bbox 135 1439 1633 1506; baseline -0.002 -18"><span class='ocrx_word' id='word_1_117' title='bbox 135 1442 329 1505; x_wconf 83' lang='lat' dir='ltr'><strong>perinde</strong></span> <span class='ocrx_word' id='word_1_118' title='bbox 352 1443 486 1506; x_wconf 88' lang='lat' dir='ltr'><strong>quasi</strong></span> <span class='ocrx_word' id='word_1_119' title='bbox 523 1443 705 1497; x_wconf 83' lang='lat' dir='ltr'><strong>honori,</strong></span> <span class='ocrx_word' id='word_1_120' title='bbox 742 1458 839 1487; x_wconf 90' lang='lat' dir='ltr'><strong>non</strong></span> <span class='ocrx_word' id='word_1_121' title='bbox 878 1440 1055 1504; x_wconf 85' lang='lat' dir='ltr'><strong>praedae</strong></span> <span class='ocrx_word' id='word_1_122' title='bbox 1094 1440 1315 1486; x_wconf 85' lang='lat' dir='ltr'><strong>habeant.</strong></span> <span class='ocrx_word' id='word_1_123' title='bbox 1388 1439 1519 1486; x_wconf 71' lang='lat' dir='ltr'><strong>Servi</strong></span> <span class='ocrx_word' id='word_1_124' title='bbox 1542 1457 1633 1486; x_wconf 89' lang='lat' dir='ltr'><strong>aere</strong></span> 
     </span>
     <span class='ocr_line' id='line_1_16' title="bbox 135 1525 1630 1592; baseline -0.001 -18"><span class='ocrx_word' id='word_1_125' title='bbox 135 1529 289 1588; x_wconf 79' lang='lat' dir='ltr'><strong>parati</strong></span> <span class='ocrx_word' id='word_1_126' title='bbox 309 1528 507 1591; x_wconf 88' lang='lat' dir='ltr'><strong>imperia</strong></span> <span class='ocrx_word' id='word_1_127' title='bbox 541 1529 719 1592; x_wconf 86' lang='lat' dir='ltr'><strong>injusta</strong></span> <span class='ocrx_word' id='word_1_128' title='bbox 757 1527 1056 1575; x_wconf 79' lang='lat' dir='ltr'><strong>dominorum</strong></span> <span class='ocrx_word' id='word_1_129' title='bbox 1092 1543 1189 1573; x_wconf 88' lang='lat' dir='ltr'><strong>non</strong></span> <span class='ocrx_word' id='word_1_130' title='bbox 1221 1525 1497 1588; x_wconf 84' lang='lat' dir='ltr'><strong>perferunt:</strong></span> <span class='ocrx_word' id='word_1_131' title='bbox 1534 1542 1630 1580; x_wconf 78' lang='lat' dir='ltr'><strong>vos,</strong></span> 
     </span>
     <span class='ocr_line' id='line_1_17' title="bbox 137 1610 1632 1676; baseline -0.003 -15"><span class='ocrx_word' id='word_1_132' title='bbox 137 1615 359 1669; x_wconf 78' lang='lat' dir='ltr'><strong>Quirites,</strong></span> <span class='ocrx_word' id='word_1_133' title='bbox 386 1614 583 1676; x_wconf 88' lang='lat' dir='ltr'><strong>imperio</strong></span> <span class='ocrx_word' id='word_1_134' title='bbox 606 1614 719 1670; x_wconf 86' lang='lat' dir='ltr'><strong>nati,</strong></span> <span class='ocrx_word' id='word_1_135' title='bbox 749 1629 883 1676; x_wconf 89' lang='lat' dir='ltr'><strong>aequo</strong></span> <span class='ocrx_word' id='word_1_136' title='bbox 918 1612 1077 1659; x_wconf 86' lang='lat' dir='ltr'><strong>animo</strong></span> <span class='ocrx_word' id='word_1_137' title='bbox 1106 1611 1381 1658; x_wconf 74' lang='lat' dir='ltr'><strong>servitutem</strong></span> <span class='ocrx_word' id='word_1_138' title='bbox 1405 1610 1632 1658; x_wconf 85' lang='lat' dir='ltr'><strong>toleratis.</strong></span> 
     </span>
     <span class='ocr_line' id='line_1_18' title="bbox 136 1692 1636 1762; baseline -0.002 -17"><span class='ocrx_word' id='word_1_139' title='bbox 136 1700 204 1745; x_wconf 75' lang='lat' dir='ltr'><strong>At</strong></span> <span class='ocrx_word' id='word_1_140' title='bbox 227 1699 308 1762; x_wconf 81' lang='lat' dir='ltr'><strong>qui</strong></span> <span class='ocrx_word' id='word_1_141' title='bbox 330 1706 440 1745; x_wconf 86' lang='lat' dir='ltr'><strong>sunt</strong></span> <span class='ocrx_word' id='word_1_142' title='bbox 463 1692 552 1754; x_wconf 53' lang='lat' dir='ltr'><strong>hi}52</strong></span> <span class='ocrx_word' id='word_1_143' title='bbox 578 1699 658 1762; x_wconf 90' lang='lat' dir='ltr'><strong>qui</strong></span> <span class='ocrx_word' id='word_1_144' title='bbox 697 1697 1036 1761; x_wconf 84' lang='lat' dir='ltr'><strong>rempublicam</strong></span> <span class='ocrx_word' id='word_1_145' title='bbox 1061 1694 1385 1758; x_wconf 80' lang='lat' dir='ltr'><strong>occupavere?</strong></span> <span class='ocrx_word' id='word_1_146' title='bbox 1419 1694 1636 1742; x_wconf 90' lang='lat' dir='ltr'><strong>homines</strong></span> 
     </span>
     <span class='ocr_line' id='line_1_19' title="bbox 140 1780 1638 1839; baseline -0.002 -9"><span class='ocrx_word' id='word_1_147' title='bbox 140 1782 520 1839; x_wconf 83' lang='lat' dir='ltr'><strong>sceleratissumi,</strong></span> <span class='ocrx_word' id='word_1_148' title='bbox 547 1783 754 1830; x_wconf 82' lang='lat' dir='ltr'><strong>cruentis</strong></span> <span class='ocrx_word' id='word_1_149' title='bbox 793 1783 1028 1837; x_wconf 79' lang='lat' dir='ltr'><strong>manibUS,</strong></span> <span class='ocrx_word' id='word_1_150' title='bbox 1068 1781 1266 1827; x_wconf 88' lang='lat' dir='ltr'><strong>immani</strong></span> <span class='ocrx_word' id='word_1_151' title='bbox 1305 1780 1513 1837; x_wconf 68' lang='lat' dir='ltr'><strong>avaritia,</strong></span> <span class='ocrx_word' id='word_1_152' title='bbox 1557 1796 1638 1827; x_wconf 91' lang='lat' dir='ltr'><strong>no-</strong></span> 
     </span>
     <span class='ocr_line' id='line_1_20' title="bbox 139 1865 1634 1932; baseline -0.003 -15"><span class='ocrx_word' id='word_1_153' title='bbox 139 1869 427 1925; x_wconf 80' lang='lat' dir='ltr'><strong>centissumi,</strong></span> <span class='ocrx_word' id='word_1_154' title='bbox 470 1869 689 1932; x_wconf 79' lang='lat' dir='ltr'><strong>idemque</strong></span> <span class='ocrx_word' id='word_1_155' title='bbox 730 1866 1073 1932; x_wconf 88' lang='lat' dir='ltr'><strong>superbissumi</strong></span> <span class='ocrx_word' id='word_1_156' title='bbox 1094 1886 1106 1921; x_wconf 85' lang='lat'>3</span> <span class='ocrx_word' id='word_1_157' title='bbox 1150 1867 1255 1929; x_wconf 80' lang='lat' dir='ltr'><strong>quis</strong></span> <span class='ocrx_word' id='word_1_158' title='bbox 1294 1865 1426 1921; x_wconf 89' lang='lat' dir='ltr'><strong>fides,</strong></span> <span class='ocrx_word' id='word_1_159' title='bbox 1478 1865 1634 1919; x_wconf 88' lang='lat' dir='ltr'><strong>decus,</strong></span> 
     </span>
     <span class='ocr_line' id='line_1_21' title="bbox 138 1951 1638 2019; baseline -0.003 -16"><span class='ocrx_word' id='word_1_160' title='bbox 138 1956 304 2018; x_wconf 84' lang='lat' dir='ltr'><strong>pietaS,</strong></span> <span class='ocrx_word' id='word_1_161' title='bbox 330 1956 571 2019; x_wconf 78' lang='lat' dir='ltr'><strong>postremo</strong></span> <span class='ocrx_word' id='word_1_162' title='bbox 593 1956 794 2003; x_wconf 84' lang='lat' dir='ltr'><strong>honesta</strong></span> <span class='ocrx_word' id='word_1_163' title='bbox 816 1960 955 2018; x_wconf 90' lang='lat' dir='ltr'><strong>atque</strong></span> <span class='ocrx_word' id='word_1_164' title='bbox 978 1952 1232 2000; x_wconf 90' lang='lat' dir='ltr'><strong>inhonesta</strong></span> <span class='ocrx_word' id='word_1_165' title='bbox 1254 1951 1412 1998; x_wconf 87' lang='lat' dir='ltr'><strong>omnia</strong></span> <span class='ocrx_word' id='word_1_166' title='bbox 1435 1952 1638 2014; x_wconf 82' lang='lat' dir='ltr'><strong>quaestui</strong></span> 
     </span>
     <span class='ocr_line' id='line_1_22' title="bbox 142 2036 1639 2100; baseline -0.003 -12"><span class='ocrx_word' id='word_1_167' title='bbox 142 2049 269 2088; x_wconf 87' lang='lat' dir='ltr'><strong>sunt.</strong></span> <span class='ocrx_word' id='word_1_168' title='bbox 340 2041 457 2088; x_wconf 83' lang='lat' dir='ltr'><strong>Pars</strong></span> <span class='ocrx_word' id='word_1_169' title='bbox 479 2057 642 2090; x_wconf 88' lang='lat' dir='ltr'><strong>eorum</strong></span> <span class='ocrx_word' id='word_1_170' title='bbox 665 2039 891 2088; x_wconf 86' lang='lat' dir='ltr'><strong>occidisse</strong></span> <span class='ocrx_word' id='word_1_171' title='bbox 915 2039 1131 2085; x_wconf 90' lang='lat' dir='ltr'><strong>tribunos</strong></span> <span class='ocrx_word' id='word_1_172' title='bbox 1154 2036 1306 2099; x_wconf 90' lang='lat' dir='ltr'><strong>plebis</strong></span> <span class='ocrx_word' id='word_1_173' title='bbox 1329 2055 1341 2090; x_wconf 92' lang='lat'>;</span> <span class='ocrx_word' id='word_1_174' title='bbox 1384 2036 1464 2083; x_wconf 86' lang='lat' dir='ltr'><strong>alii</strong></span> <span class='ocrx_word' id='word_1_175' title='bbox 1486 2053 1639 2100; x_wconf 85' lang='lat' dir='ltr'><strong>quaes-</strong></span> 
     </span>
     <span class='ocr_line' id='line_1_23' title="bbox 142 2121 1638 2190; baseline -0.003 -17"><span class='ocrx_word' id='word_1_176' title='bbox 142 2127 295 2173; x_wconf 89' lang='lat' dir='ltr'><strong>tiones</strong></span> <span class='ocrx_word' id='word_1_177' title='bbox 316 2126 517 2189; x_wconf 89' lang='lat' dir='ltr'><strong>injustas</strong></span> <span class='ocrx_word' id='word_1_178' title='bbox 542 2145 555 2181; x_wconf 90' lang='lat'>;</span> <span class='ocrx_word' id='word_1_179' title='bbox 595 2126 805 2190; x_wconf 87' lang='lat' dir='ltr'><strong>plerique</strong></span> <span class='ocrx_word' id='word_1_180' title='bbox 828 2124 1007 2173; x_wconf 88' lang='lat' dir='ltr'><strong>caedem</strong></span> <span class='ocrx_word' id='word_1_181' title='bbox 1029 2124 1080 2170; x_wconf 88' lang='lat' dir='ltr'><strong>in</strong></span> <span class='ocrx_word' id='word_1_182' title='bbox 1103 2138 1185 2170; x_wconf 81' lang='lat' dir='ltr'><strong>vos</strong></span> <span class='ocrx_word' id='word_1_183' title='bbox 1220 2121 1399 2176; x_wconf 89' lang='lat' dir='ltr'><strong>fecisse,</strong></span> <span class='ocrx_word' id='word_1_184' title='bbox 1426 2136 1512 2184; x_wconf 89' lang='lat' dir='ltr'><strong>pro</strong></span> <span class='ocrx_word' id='word_1_185' title='bbox 1536 2137 1638 2168; x_wconf 92' lang='lat' dir='ltr'><strong>mu-</strong></span> 
     </span>
    </p>
   </div>
   <div class='ocr_carea' id='block_1_3' title="bbox 146 2271 1649 2775">
    <p class='ocr_par' dir='ltr' id='par_1_3' title="bbox 146 2271 1649 2775">
     <span class='ocr_line' id='line_1_24' title="bbox 196 2271 1641 2326; baseline -0.004 -14"><span class='ocrx_word' id='word_1_186' title='bbox 196 2274 213 2297; x_wconf 83' lang='lat'><strong>¹</strong></span> <span class='ocrx_word' id='word_1_187' title='bbox 232 2276 287 2312; x_wconf 82' lang='lat' dir='ltr'><strong>At</strong></span> <span class='ocrx_word' id='word_1_188' title='bbox 304 2277 370 2325; x_wconf 77' lang='lat' dir='ltr'><strong>qui</strong></span> <span class='ocrx_word' id='word_1_189' title='bbox 387 2281 478 2312; x_wconf 74' lang='lat' dir='ltr'><strong>sunt</strong></span> <span class='ocrx_word' id='word_1_190' title='bbox 495 2275 546 2322; x_wconf 74' lang='lat' dir='ltr'><strong>hi,</strong></span> <span class='ocrx_word' id='word_1_191' title='bbox 571 2273 657 2326; x_wconf 85' lang='lat' dir='ltr'><strong>&amp;e.]</strong></span> <span class='ocrx_word' id='word_1_192' title='bbox 691 2277 713 2296; x_wconf 78' lang='lat'><strong>‘⁴</strong></span> <span class='ocrx_word' id='word_1_193' title='bbox 729 2275 809 2312; x_wconf 91' lang='lat' dir='ltr'><strong>But</strong></span> <span class='ocrx_word' id='word_1_194' title='bbox 826 2276 913 2311; x_wconf 82' lang='lat' dir='ltr'><strong>who</strong></span> <span class='ocrx_word' id='word_1_195' title='bbox 941 2285 1005 2310; x_wconf 86' lang='lat' dir='ltr'><strong>are</strong></span> <span class='ocrx_word' id='word_1_196' title='bbox 1023 2274 1131 2309; x_wconf 83' lang='lat' dir='ltr'><strong>those</strong></span> <span class='ocrx_word' id='word_1_197' title='bbox 1159 2272 1245 2307; x_wconf 79' lang='lat' dir='ltr'><strong>who</strong></span> <span class='ocrx_word' id='word_1_198' title='bbox 1262 2271 1362 2307; x_wconf 81' lang='lat' dir='ltr'><strong>have</strong></span> <span class='ocrx_word' id='word_1_199' title='bbox 1390 2271 1549 2307; x_wconf 78' lang='lat' dir='ltr'><strong>wrested</strong></span> <span class='ocrx_word' id='word_1_200' title='bbox 1576 2271 1641 2306; x_wconf 90' lang='lat' dir='ltr'><strong>the</strong></span> 
     </span>
     <span class='ocr_line' id='line_1_25' title="bbox 146 2333 1649 2390; baseline -0.005 -11"><span class='ocrx_word' id='word_1_201' title='bbox 146 2346 411 2390; x_wconf 80' lang='lat' dir='ltr'><strong>management</strong></span> <span class='ocrx_word' id='word_1_202' title='bbox 430 2342 505 2378; x_wconf 82' lang='lat' dir='ltr'><strong>and</strong></span> <span class='ocrx_word' id='word_1_203' title='bbox 524 2341 668 2378; x_wconf 81' lang='lat' dir='ltr'><strong>control</strong></span> <span class='ocrx_word' id='word_1_204' title='bbox 686 2341 728 2378; x_wconf 86' lang='lat' dir='ltr'><strong>of</strong></span> <span class='ocrx_word' id='word_1_205' title='bbox 740 2342 805 2378; x_wconf 87' lang='lat' dir='ltr'><strong>the</strong></span> <span class='ocrx_word' id='word_1_206' title='bbox 838 2344 935 2378; x_wconf 78' lang='lat' dir='ltr'><strong>state</strong></span> <span class='ocrx_word' id='word_1_207' title='bbox 953 2340 1033 2376; x_wconf 85' lang='lat' dir='ltr'><strong>into</strong></span> <span class='ocrx_word' id='word_1_208' title='bbox 1052 2338 1151 2375; x_wconf 81' lang='lat' dir='ltr'><strong>their</strong></span> <span class='ocrx_word' id='word_1_209' title='bbox 1168 2348 1254 2374; x_wconf 80' lang='lat' dir='ltr'><strong>own</strong></span> <span class='ocrx_word' id='word_1_210' title='bbox 1280 2333 1431 2373; x_wconf 83' lang='lat' dir='ltr'><strong>hands?</strong></span> <span class='ocrx_word' id='word_1_211' title='bbox 1496 2335 1589 2372; x_wconf 80' lang='lat' dir='ltr'><strong>Men</strong></span> <span class='ocrx_word' id='word_1_212' title='bbox 1607 2335 1649 2372; x_wconf 86' lang='lat' dir='ltr'><strong>of</strong></span> 
     </span>
     <span class='ocr_line' id='line_1_26' title="bbox 146 2399 1646 2446; baseline -0.005 -3"><span class='ocrx_word' id='word_1_213' title='bbox 146 2411 403 2443; x_wconf 85' lang='lat' dir='ltr'><strong>consummate</strong></span> <span class='ocrx_word' id='word_1_214' title='bbox 420 2406 805 2441; x_wconf 61' lang='lat' dir='ltr'><strong>wickedness—their</strong></span> <span class='ocrx_word' id='word_1_215' title='bbox 831 2405 954 2440; x_wconf 81' lang='lat' dir='ltr'><strong>hands</strong></span> <span class='ocrx_word' id='word_1_216' title='bbox 980 2403 1152 2439; x_wconf 87' lang='lat' dir='ltr'><strong>imbrued</strong></span> <span class='ocrx_word' id='word_1_217' title='bbox 1171 2402 1210 2436; x_wconf 87' lang='lat' dir='ltr'><strong>in</strong></span> <span class='ocrx_word' id='word_1_218' title='bbox 1228 2400 1436 2436; x_wconf 81' lang='lat' dir='ltr'><strong>blood-of</strong></span> <span class='ocrx_word' id='word_1_219' title='bbox 1450 2399 1646 2446; x_wconf 80' lang='lat' dir='ltr'><strong>rapacious</strong></span> 
     </span>
     <span class='ocr_line' id='line_1_27' title="bbox 147 2463 1645 2517; baseline -0.006 -9"><span class='ocrx_word' id='word_1_220' title='bbox 147 2470 641 2517; x_wconf 63' lang='lat' dir='ltr'><strong>avarica—mischievously</strong></span> <span class='ocrx_word' id='word_1_221' title='bbox 659 2469 931 2506; x_wconf 75' lang='lat' dir='ltr'><strong>offensive—at</strong></span> <span class='ocrx_word' id='word_1_222' title='bbox 947 2468 1013 2505; x_wconf 91' lang='lat' dir='ltr'><strong>the</strong></span> <span class='ocrx_word' id='word_1_223' title='bbox 1032 2478 1135 2504; x_wconf 82' lang='lat' dir='ltr'><strong>same</strong></span> <span class='ocrx_word' id='word_1_224' title='bbox 1152 2466 1245 2502; x_wconf 87' lang='lat' dir='ltr'><strong>time</strong></span> <span class='ocrx_word' id='word_1_225' title='bbox 1272 2470 1371 2501; x_wconf 86' lang='lat' dir='ltr'><strong>most</strong></span> <span class='ocrx_word' id='word_1_226' title='bbox 1389 2463 1551 2501; x_wconf 86' lang='lat' dir='ltr'><strong>insolent</strong></span> <span class='ocrx_word' id='word_1_227' title='bbox 1569 2465 1645 2501; x_wconf 88' lang='lat' dir='ltr'><strong>and</strong></span> 
     </span>
     <span class='ocr_line' id='line_1_28' title="bbox 146 2530 1645 2586; baseline -0.005 -12"><span class='ocrx_word' id='word_1_228' title='bbox 146 2538 335 2586; x_wconf 70' lang='lat' dir='ltr'><strong>haughty,</strong></span> <span class='ocrx_word' id='word_1_229' title='bbox 356 2537 442 2571; x_wconf 78' lang='lat' dir='ltr'><strong>who</strong></span> <span class='ocrx_word' id='word_1_230' title='bbox 460 2540 551 2572; x_wconf 80' lang='lat' dir='ltr'><strong>turn</strong></span> <span class='ocrx_word' id='word_1_231' title='bbox 567 2535 725 2582; x_wconf 72' lang='lat' dir='ltr'><strong>loyalty,</strong></span> <span class='ocrx_word' id='word_1_232' title='bbox 747 2535 905 2579; x_wconf 83' lang='lat' dir='ltr'><strong>honour,</strong></span> <span class='ocrx_word' id='word_1_233' title='bbox 924 2532 1176 2581; x_wconf 80' lang='lat' dir='ltr'><strong>relig10n—-in</strong></span> <span class='ocrx_word' id='word_1_234' title='bbox 1194 2532 1279 2576; x_wconf 84' lang='lat' dir='ltr'><strong>fine,</strong></span> <span class='ocrx_word' id='word_1_235' title='bbox 1307 2530 1534 2578; x_wconf 77' lang='lat' dir='ltr'><strong>everything</strong></span> <span class='ocrx_word' id='word_1_236' title='bbox 1551 2530 1645 2567; x_wconf 89' lang='lat' dir='ltr'><strong>both</strong></span> 
     </span>
     <span class='ocr_line' id='line_1_29' title="bbox 147 2594 1646 2646; baseline -0.007 -7"><span class='ocrx_word' id='word_1_237' title='bbox 147 2601 350 2639; x_wconf 80' lang='lat' dir='ltr'><strong>creditable</strong></span> <span class='ocrx_word' id='word_1_238' title='bbox 369 2601 443 2637; x_wconf 86' lang='lat' dir='ltr'><strong>and</strong></span> <span class='ocrx_word' id='word_1_239' title='bbox 462 2599 697 2646; x_wconf 60' lang='lat' dir='ltr'><strong>disgraoessil,</strong></span> <span class='ocrx_word' id='word_1_240' title='bbox 718 2604 758 2635; x_wconf 86' lang='lat' dir='ltr'><strong>to</strong></span> <span class='ocrx_word' id='word_1_241' title='bbox 776 2599 875 2634; x_wconf 84' lang='lat' dir='ltr'><strong>their</strong></span> <span class='ocrx_word' id='word_1_242' title='bbox 893 2609 979 2634; x_wconf 78' lang='lat' dir='ltr'><strong>own</strong></span> <span class='ocrx_word' id='word_1_243' title='bbox 996 2597 1087 2645; x_wconf 73' lang='lat' dir='ltr'><strong>gain</strong></span> <span class='ocrx_word' id='word_1_244' title='bbox 1108 2597 1183 2632; x_wconf 87' lang='lat' dir='ltr'><strong>and</strong></span> <span class='ocrx_word' id='word_1_245' title='bbox 1201 2595 1347 2642; x_wconf 88' lang='lat' dir='ltr'><strong>profit.”</strong></span> <span class='ocrx_word' id='word_1_246' title='bbox 1376 2594 1396 2630; x_wconf 96' lang='lat' dir='ltr'>I</span> <span class='ocrx_word' id='word_1_247' title='bbox 1414 2595 1513 2631; x_wconf 80' lang='lat' dir='ltr'><strong>have</strong></span> <span class='ocrx_word' id='word_1_248' title='bbox 1530 2595 1646 2642; x_wconf 79' lang='lat' dir='ltr'><strong>given</strong></span> 
     </span>
     <span class='ocr_line' id='line_1_30' title="bbox 147 2659 1647 2707; baseline -0.005 -5"><span class='ocrx_word' id='word_1_249' title='bbox 147 2666 226 2702; x_wconf 78' lang='lat' dir='ltr'><strong>this</strong></span> <span class='ocrx_word' id='word_1_250' title='bbox 255 2664 480 2702; x_wconf 77' lang='lat' dir='ltr'><strong>translation</strong></span> <span class='ocrx_word' id='word_1_251' title='bbox 508 2663 607 2699; x_wconf 79' lang='lat' dir='ltr'><strong>from</strong></span> <span class='ocrx_word' id='word_1_252' title='bbox 640 2663 793 2699; x_wconf 73' lang='lat' dir='ltr'><strong>Francis</strong></span> <span class='ocrx_word' id='word_1_253' title='bbox 813 2662 1003 2707; x_wconf 78' lang='lat' dir='ltr'><strong>Plowden‚</strong></span> <span class='ocrx_word' id='word_1_254' title='bbox 1023 2661 1098 2697; x_wconf 83' lang='lat' dir='ltr'><strong>last</strong></span> <span class='ocrx_word' id='word_1_255' title='bbox 1131 2665 1304 2697; x_wconf 79' lang='lat' dir='ltr'><strong>sentence</strong></span> <span class='ocrx_word' id='word_1_256' title='bbox 1335 2659 1377 2694; x_wconf 84' lang='lat' dir='ltr'><strong>of</strong></span> <span class='ocrx_word' id='word_1_257' title='bbox 1390 2659 1455 2695; x_wconf 91' lang='lat' dir='ltr'><strong>the</strong></span> <span class='ocrx_word' id='word_1_258' title='bbox 1484 2660 1587 2695; x_wconf 81' lang='lat' dir='ltr'><strong>third</strong></span> <span class='ocrx_word' id='word_1_259' title='bbox 1606 2671 1647 2695; x_wconf 91' lang='lat' dir='ltr'><strong>or</strong></span> 
     </span>
     <span class='ocr_line' id='line_1_31' title="bbox 148 2722 1410 2775; baseline -0.006 -8"><span class='ocrx_word' id='word_1_260' title='bbox 148 2729 220 2767; x_wconf 82' lang='lat' dir='ltr'><strong>last</strong></span> <span class='ocrx_word' id='word_1_261' title='bbox 241 2729 391 2766; x_wconf 79' lang='lat' dir='ltr'><strong>volume</strong></span> <span class='ocrx_word' id='word_1_262' title='bbox 410 2729 451 2764; x_wconf 90' lang='lat' dir='ltr'><strong>of</strong></span> <span class='ocrx_word' id='word_1_263' title='bbox 465 2728 524 2765; x_wconf 86' lang='lat' dir='ltr'><strong>his</strong></span> <span class='ocrx_word' id='word_1_264' title='bbox 543 2727 705 2775; x_wconf 68' lang='lat' dir='ltr'><strong>Histoi-y</strong></span> <span class='ocrx_word' id='word_1_265' title='bbox 730 2727 772 2764; x_wconf 86' lang='lat' dir='ltr'><strong>of</strong></span> <span class='ocrx_word' id='word_1_266' title='bbox 795 2727 946 2764; x_wconf 80' lang='lat' dir='ltr'><strong>Ireland</strong></span> <span class='ocrx_word' id='word_1_267' title='bbox 965 2727 1064 2763; x_wconf 87' lang='lat' dir='ltr'><strong>since</strong></span> <span class='ocrx_word' id='word_1_268' title='bbox 1082 2725 1148 2762; x_wconf 83' lang='lat' dir='ltr'><strong>the</strong></span> <span class='ocrx_word' id='word_1_269' title='bbox 1167 2722 1410 2761; x_wconf 83' lang='lat' dir='ltr'><strong>Union.—C.</strong></span> 
     </span>
    </p>
   </div>
  </div>
 </body>
</html>
