1889 3191
283 241 356 277 132
655 238 932 278 SALLUSTII
959 239 985 276 J
989 239 1375 278 UGURTHINUM.

280 356 407 403 solus
430 357 648 412 obtinuit,
675 356 1000 402 Mastanabale
1035 363 1081 402 et
1106 354 1311 403 Gulussa
1344 354 1565 401 fratribus
1600 353 1762 399 morbo

280 441 524 488 absumtis.
593 441 643 487 Is
677 441 994 487 Adherbalem
1036 447 1083 486 et
1118 440 1535 502 Hiempsalemiex
1559 455 1658 485 sese
1689 454 1765 499 ge-

279 525 411 580 nuit3
450 525 828 587 Jugurthamque
864 524 1202 570 Mastanabalis
1236 524 1393 570 fratris
1428 524 1590 579 filium,
1626 539 1763 585 quem

281 611 549 665 Masinissa,
578 610 701 672 quod
724 616 854 655 ortus
879 624 934 654 ex
968 609 1225 654 concubina
1260 615 1372 663 erat,
1400 609 1639 671 privatum
1663 607 1767 654 reli-

279 703 455 759 querat,
485 694 648 741 eodem
672 694 815 747 cultu,
841 709 932 756 quo
956 693 1128 738 liberos
1154 709 1276 748 suos,
1305 693 1432 739 domi
1454 693 1636 738 habuit.

344 781 430 825 VI.
473 779 582 834 Qui,
609 778 691 824 ubi
713 776 919 840 primum
944 777 1158 832 adolevit,
1186 777 1366 839 pollens
1385 777 1574 832 viribUS,
1601 776 1765 823 decora

278 865 408 920 facie,
432 864 512 911 sed
536 863 683 910 multo
709 865 924 909 maxume
942 863 1129 925 ingenio
1144 862 1340 917 validus,
1361 878 1455 908 non
1475 878 1523 907 se
1538 861 1665 916 luxu,
1687 876 1767 907 ne·

279 965 368 1012 que
391 946 588 994 inertiae¹
623 947 1016 1008 corrumpendum
1057 946 1216 1000 dedit;
1253 946 1334 992 sed
1368 946 1439 991 uti
1474 961 1576 991 mos
1611 945 1764 1007 gentis

277 1034 403 1080 illius
432 1041 517 1088 est,
557 1033 778 1096 equitare,
813 1032 1022 1095 jaculari,
1063 1047 1203 1077 cursu
1237 1048 1344 1078 cum
1379 1031 1637 1093 aequalibus
1672 1046 1767 1076 cer-

278 1125 404 1166 tare:
433 1126 479 1165 et
504 1118 610 1165 esim
635 1118 786 1164 omnis
811 1116 957 1179 gloria
981 1116 1190 1171 anteiret,
1214 1115 1432 1162 omnibus
1456 1123 1614 1161 tamen
1632 1131 1767 1161 carus

279 1222 379 1253 esse
400 1225 410 1252 z
438 1206 497 1252 ad
519 1206 609 1251 hoc
632 1205 849 1266 pleraque
875 1211 1085 1265 tempora
1107 1203 1156 1248 in
1174 1201 1386 1248 venando
1411 1217 1561 1262 agere,
1583 1201 1766 1248 leonem

279 1298 416 1354 atque
440 1291 553 1337 alias
576 1291 696 1336 feras
719 1289 914 1351 primus,
943 1295 1023 1334 aut
1050 1288 1100 1333 in
1122 1287 1289 1348 primis
1313 1286 1450 1332 ferire
1473 1306 1482 1332 :
1513 1285 1765 1348 plurimdm

279 1377 441 1431 facere,
469 1373 732 1421 minumum
768 1373 868 1435 ipse
894 1372 950 1418 de
986 1388 1034 1418 se
1057 1372 1199 1434 loqui.
1272 1371 1455 1425 Quibus
1490 1371 1642 1425 rebus,
1671 1369 1766 1416 Mi-

279 1461 407 1522 cipsa
441 1460 629 1506 tametsi
668 1458 802 1504 initio
841 1458 979 1503 laetus
1016 1457 1184 1502 fuerat.
1224 1456 1512 1502 existumans
1546 1455 1766 1501 virtutem

279 1546 309 1592 J
315 1545 530 1607 ugurthae
555 1560 698 1606 regno
723 1559 807 1589 suo
830 1542 991 1605 gloriae
1014 1541 1110 1588 fore
1130 1560 1140 1587 ι
1169 1548 1325 1587 tamen
1344 1548 1594 1603 postquam
1617 1540 1768 1586 homi-

278 1647 385 1677 nem
411 1630 766 1683 adolescentem,
790 1628 950 1674 exacta
974 1625 1055 1672 suti
1080 1632 1232 1681 aetate,
1255 1625 1410 1688 parvis
1432 1625 1604 1680 liberis,
1619 1624 1767 1687 magis

278 1716 517 1777 magisque
541 1730 742 1760 crescere
766 1713 1008 1774 intellegit,
1044 1711 1349 1757 vehementer
1372 1711 1561 1772 negotio
1585 1726 1767 1772 permo-

277 1808 369 1855 ωε,
397 1800 545 1845 multa
579 1815 684 1845 cum
721 1798 876 1844 animo
913 1813 996 1842 suo
1031 1797 1262 1842 volvebat.
1336 1796 1562 1842 Terrebat
1598 1803 1767 1842 natura

277 1885 559 1938 mortalium,
589 1883 722 1929 avida
745 1882 943 1944 imperii,
973 1889 1018 1928 et
1042 1897 1254 1943 praeceps
1278 1881 1337 1926 ad
1369 1880 1645 1942 explendam
1670 1880 1766 1926 ani-

278 1971 343 2017 mi
368 1970 634 2032 cupidinem
655 1987 664 2014 :
702 1966 941 2029 praeterea,
969 1966 1296 2027 opportunitas
1321 1981 1509 2028 suaeque
1534 1972 1580 2012 et
1602 1965 1767 2012 libero-

278 2071 380 2101 rum
406 2053 574 2108 aetatis‚
601 2069 706 2115 quae
730 2052 871 2098 etiam
895 2050 1142 2097 mediocris
1168 2051 1288 2097 viros
1314 2067 1395 2113 spe
1418 2050 1593 2113 praedae
1617 2057 1768 2096 trans-

278 2156 437 2186 vorsos
473 2138 568 2200 agit
588 2138 621 2184 :²
646 2137 706 2183 ad
740 2136 828 2183 hoc
864 2135 1019 2183 studia
1043 2135 1359 2182 Numidarum
1394 2135 1444 2181 in
1479 2134 1765 2198 Jugurtham

330 2303 400 2340 VI.
422 2299 433 2322 ¹
459 2300 549 2337 Non
586 2312 625 2336 se
661 2300 766 2343 luxu,
805 2310 924 2345 neque
961 2296 1140 2346 inertiae.]
1173 2297 1294 2332 Luxu
1330 2298 1418 2333 here
1454 2308 1547 2344 may
1573 2297 1619 2332 be
1647 2295 1766 2332 either

277 2367 460 2402 esteemcd
479 2366 543 2402 the
562 2364 689 2400 dative
708 2363 749 2398 of
764 2363 827 2398 the
846 2361 974 2397 fourth
993 2361 1213 2407 declension,
1236 2361 1360 2397 whose
1389 2360 1629 2396 tennination
1648 2371 1726 2396 was
1745 2373 1769 2394 ιι

276 2441 416 2476 among
435 2429 499 2465 the
519 2428 707 2471 ancients;
728 2437 769 2462 or
786 2427 817 2462 it
836 2437 926 2472 may
945 2426 991 2461 be
1018 2425 1232 2461 considered
1251 2436 1292 2461 as
1311 2436 1359 2461 an
1379 2425 1554 2469 ablative,
1574 2425 1650 2460 and
1676 2424 1766 2460 then

275 2495 379 2529 there
397 2492 476 2528 will
493 2493 539 2528 be
559 2503 581 2527 a
600 2491 782 2537 diversity
801 2490 842 2525 of
857 2489 1136 2534 construction3
1166 2491 1235 2526 but
1253 2490 1330 2526 this
1357 2490 1389 2526 is
1410 2489 1583 2526 Sallust's
1600 2500 1766 2534 manner,

277 2558 359 2595 Cat.
381 2569 461 2604 cap.
482 2568 595 2601 xxv„
618 2557 741 2592 Docta
759 2555 902 2599 litteris,
924 2555 1046 2590 multa
1065 2554 1150 2590 alia.
1210 2554 1302 2602 Cap.
1323 2555 1485 2599 xxxiii„
1508 2554 1681 2601 Plerique
1699 2565 1767 2600 pa-

276 2621 367 2664 triae,
389 2621 452 2655 sed
471 2631 598 2655 omnes
617 2617 718 2654 fama
737 2622 848 2664 atque
866 2617 1023 2653 fortunis
1043 2621 1227 2663 expertes.
1282 2617 1307 2653 J
1310 2629 1372 2665 ug.
1390 2628 1470 2663 cap.
1491 2616 1662 2660 lxxxiv„
1677 2615 1765 2652 Ple-

274 2693 408 2727 rosque
426 2681 578 2722 militiae,
600 2692 736 2726 paucos
754 2678 856 2716 fama
875 2680 1042 2727 cognitos
1061 2679 1300 2716 accire-M.

327 2742 342 2764 ²
368 2742 623 2780 Transvorsos
643 2741 758 2791 aqit.]
798 2741 1076 2778 Transvorsum
1096 2755 1223 2790 ayne,
1241 2743 1272 2779 is
1293 2747 1332 2779 to
1360 2747 1448 2779 turn
1467 2753 1537 2778 one
1555 2744 1622 2777 out
1640 2741 1682 2777 of
1705 2741 1764 2777 his
