<?xml version="1.0" encoding="UTF-8"?>
<!DOCTYPE html PUBLIC "-//W3C//DTD XHTML 1.0 Transitional//EN"
    "http://www.w3.org/TR/xhtml1/DTD/xhtml1-transitional.dtd">
<html xmlns="http://www.w3.org/1999/xhtml" xml:lang="en" lang="en">
 <head>
  <title>
</title>
<meta http-equiv="Content-Type" content="text/html;charset=utf-8" />
  <meta name='ocr-system' content='tesseract 3.04.00' />
  <meta name='ocr-capabilities' content='ocr_page ocr_carea ocr_par ocr_line ocrx_word'/>
</head>
<body>
  <div class='ocr_page' id='page_1' title='image "./sallusts00salluoft_0093.png"; bbox 0 0 1889 3191; ppageno 0'>
   <div class='ocr_carea' id='block_1_1' title="bbox 601 241 1642 281">
    <p class='ocr_par' dir='ltr' id='par_1_1' title="bbox 601 241 1642 281">
     <span class='ocr_line' id='line_1_1' title="bbox 601 241 1642 281; baseline 0 0"><span class='ocrx_word' id='word_1_1' title='bbox 601 242 879 281; x_wconf 81' lang='lat' dir='ltr'><strong>SALLUSTII</strong></span> <span class='ocrx_word' id='word_1_2' title='bbox 909 241 1128 281; x_wconf 67' lang='lat' dir='ltr'><strong>CATILIS</strong></span> <span class='ocrx_word' id='word_1_3' title='bbox 1129 243 1176 280; x_wconf 91' lang='lat' dir='ltr'><strong>A.</strong></span> <span class='ocrx_word' id='word_1_4' title='bbox 1595 246 1642 281; x_wconf 86' lang='grc'><strong>81</strong></span> 
     </span>
    </p>
   </div>
   <div class='ocr_carea' id='block_1_2' title="bbox 132 359 1645 1721">
    <p class='ocr_par' dir='ltr' id='par_1_2' title="bbox 132 359 1645 1721">
     <span class='ocr_line' id='line_1_2' title="bbox 145 359 1641 423; baseline 0.001 -16"><span class='ocrx_word' id='word_1_5' title='bbox 145 360 402 423; x_wconf 88' lang='lat' dir='ltr'><strong>Coeparius,</strong></span> <span class='ocrx_word' id='word_1_6' title='bbox 446 359 603 422; x_wconf 73' lang='lat' dir='ltr'><strong>paullo</strong></span> <span class='ocrx_word' id='word_1_7' title='bbox 643 361 755 408; x_wconf 73' lang='lat' dir='ltr'><strong>ante</strong></span> <span class='ocrx_word' id='word_1_8' title='bbox 787 360 927 406; x_wconf 91' lang='lat' dir='ltr'><strong>domo</strong></span> <span class='ocrx_word' id='word_1_9' title='bbox 965 376 1196 423; x_wconf 83' lang='lat' dir='ltr'><strong>egressus,</strong></span> <span class='ocrx_word' id='word_1_10' title='bbox 1223 361 1412 423; x_wconf 81' lang='lat' dir='ltr'><strong>cognito</strong></span> <span class='ocrx_word' id='word_1_11' title='bbox 1452 361 1641 417; x_wconf 87' lang='lat' dir='ltr'><strong>indicio,</strong></span> 
     </span>
     <span class='ocr_line' id='line_1_3' title="bbox 147 444 1645 510; baseline 0.001 -19"><span class='ocrx_word' id='word_1_12' title='bbox 147 446 224 507; x_wconf 84' lang='lat' dir='ltr'><strong>[ex</strong></span> <span class='ocrx_word' id='word_1_13' title='bbox 246 444 382 507; x_wconf 87' lang='lat' dir='ltr'><strong>urbe]</strong></span> <span class='ocrx_word' id='word_1_14' title='bbox 408 445 697 509; x_wconf 84' lang='lat' dir='ltr'><strong>profugerat.</strong></span> <span class='ocrx_word' id='word_1_15' title='bbox 771 445 952 492; x_wconf 91' lang='lat' dir='ltr'><strong>Consul</strong></span> <span class='ocrx_word' id='word_1_16' title='bbox 988 446 1258 502; x_wconf 87' lang='lat' dir='ltr'><strong>Lentulum,</strong></span> <span class='ocrx_word' id='word_1_17' title='bbox 1296 446 1424 510; x_wconf 92' lang='lat' dir='ltr'><strong>quod</strong></span> <span class='ocrx_word' id='word_1_18' title='bbox 1461 446 1645 493; x_wconf 87' lang='lat' dir='ltr'><strong>Praetor</strong></span> 
     </span>
     <span class='ocr_line' id='line_1_4' title="bbox 140 530 1643 596; baseline 0.001 -20"><span class='ocrx_word' id='word_1_19' title='bbox 140 536 252 586; x_wconf 85' lang='lat' dir='ltr'><strong>erat,</strong></span> <span class='ocrx_word' id='word_1_20' title='bbox 280 530 381 594; x_wconf 92' lang='lat' dir='ltr'><strong>ipse</strong></span> <span class='ocrx_word' id='word_1_21' title='bbox 400 548 544 578; x_wconf 87' lang='lat' dir='ltr'><strong>manu</strong></span> <span class='ocrx_word' id='word_1_22' title='bbox 568 539 735 579; x_wconf 90' lang='lat' dir='ltr'><strong>tenens</strong></span> <span class='ocrx_word' id='word_1_23' title='bbox 759 532 977 595; x_wconf 85' lang='lat' dir='ltr'>perducit</span> <span class='ocrx_word' id='word_1_24' title='bbox 1000 552 1011 587; x_wconf 93' lang='lat'>;</span> <span class='ocrx_word' id='word_1_25' title='bbox 1054 532 1262 596; x_wconf 91' lang='lat' dir='ltr'><strong>reliquos</strong></span> <span class='ocrx_word' id='word_1_26' title='bbox 1303 549 1411 580; x_wconf 93' lang='lat' dir='ltr'><strong>cum</strong></span> <span class='ocrx_word' id='word_1_27' title='bbox 1435 532 1643 580; x_wconf 86' lang='lat' dir='ltr'><strong>custodi·</strong></span> 
     </span>
     <span class='ocr_line' id='line_1_5' title="bbox 138 616 1642 682; baseline 0.001 -20"><span class='ocrx_word' id='word_1_28' title='bbox 138 616 226 663; x_wconf 89' lang='lat' dir='ltr'><strong>bus</strong></span> <span class='ocrx_word' id='word_1_29' title='bbox 249 616 300 663; x_wconf 88' lang='lat' dir='ltr'><strong>in</strong></span> <span class='ocrx_word' id='word_1_30' title='bbox 323 617 474 664; x_wconf 88' lang='lat' dir='ltr'><strong>aedem</strong></span> <span class='ocrx_word' id='word_1_31' title='bbox 500 618 779 666; x_wconf 77' lang='lat' dir='ltr'><strong>Concordiae</strong></span> <span class='ocrx_word' id='word_1_32' title='bbox 803 619 960 666; x_wconf 82' lang='lat' dir='ltr'><strong>venire</strong></span> <span class='ocrx_word' id='word_1_33' title='bbox 994 619 1146 682; x_wconf 92' lang='lat' dir='ltr'><strong>jubet.</strong></span> <span class='ocrx_word' id='word_1_34' title='bbox 1214 619 1283 665; x_wconf 86' lang='grc' dir='ltr'><strong>Εό</strong></span> <span class='ocrx_word' id='word_1_35' title='bbox 1311 624 1527 666; x_wconf 86' lang='lat' dir='ltr'><strong>senatum</strong></span> <span class='ocrx_word' id='word_1_36' title='bbox 1562 617 1642 665; x_wconf 84' lang='lat' dir='ltr'><strong>ad-</strong></span> 
     </span>
     <span class='ocr_line' id='line_1_6' title="bbox 138 706 1644 770; baseline 0.001 -21"><span class='ocrx_word' id='word_1_37' title='bbox 138 711 287 760; x_wconf 87' lang='lat' dir='ltr'><strong>vocat,</strong></span> <span class='ocrx_word' id='word_1_38' title='bbox 313 706 578 769; x_wconf 70' lang='lat' dir='ltr'><strong>magnaque</strong></span> <span class='ocrx_word' id='word_1_39' title='bbox 600 706 865 770; x_wconf 67' lang='lat' dir='ltr'><strong>frequentia</strong></span> <span class='ocrx_word' id='word_1_40' title='bbox 885 706 984 770; x_wconf 86' lang='lat' dir='ltr'><strong>ejus</strong></span> <span class='ocrx_word' id='word_1_41' title='bbox 1003 706 1197 762; x_wconf 88' lang='lat' dir='ltr'>ordinis,</span> <span class='ocrx_word' id='word_1_42' title='bbox 1215 706 1512 754; x_wconf 81' lang='lat' dir='ltr'><strong>Volturcium</strong></span> <span class='ocrx_word' id='word_1_43' title='bbox 1534 721 1644 752; x_wconf 91' lang='lat' dir='ltr'><strong>cum</strong></span> 
     </span>
     <span class='ocr_line' id='line_1_7' title="bbox 136 783 1642 852; baseline 0.001 -16"><span class='ocrx_word' id='word_1_44' title='bbox 136 789 304 852; x_wconf 86' lang='lat' dir='ltr'><strong>legatis</strong></span> <span class='ocrx_word' id='word_1_45' title='bbox 349 783 634 839; x_wconf 83' lang='lat' dir='ltr'><strong>introducit:</strong></span> <span class='ocrx_word' id='word_1_46' title='bbox 688 792 910 840; x_wconf 85' lang='lat' dir='ltr'><strong>Flaccum</strong></span> <span class='ocrx_word' id='word_1_47' title='bbox 956 793 1216 839; x_wconf 78' lang='lat' dir='ltr'><strong>Praetorem</strong></span> <span class='ocrx_word' id='word_1_48' title='bbox 1265 792 1488 839; x_wconf 84' lang='lat' dir='ltr'><strong>scrinium</strong></span> <span class='ocrx_word' id='word_1_49' title='bbox 1534 807 1642 839; x_wconf 92' lang='lat' dir='ltr'><strong>cum</strong></span> 
     </span>
     <span class='ocr_line' id='line_1_8' title="bbox 136 875 1550 942; baseline 0.003 -21"><span class='ocrx_word' id='word_1_50' title='bbox 136 875 320 932; x_wconf 91' lang='lat' dir='ltr'><strong>litteris,</strong></span> <span class='ocrx_word' id='word_1_51' title='bbox 349 893 465 940; x_wconf 88' lang='lat' dir='ltr'><strong>quas</strong></span> <span class='ocrx_word' id='word_1_52' title='bbox 489 894 516 924; x_wconf 91' lang='lat' dir='ltr'><strong>a</strong></span> <span class='ocrx_word' id='word_1_53' title='bbox 538 878 706 940; x_wconf 83' lang='lat' dir='ltr'><strong>legatis</strong></span> <span class='ocrx_word' id='word_1_54' title='bbox 731 885 987 940; x_wconf 85' lang='lat' dir='ltr'><strong>acceperat,</strong></span> <span class='ocrx_word' id='word_1_55' title='bbox 1015 878 1178 926; x_wconf 72' lang='lat' dir='ltr'><strong>eodem</strong></span> <span class='ocrx_word' id='word_1_56' title='bbox 1203 878 1384 925; x_wconf 87' lang='lat' dir='ltr'><strong>adferre</strong></span> <span class='ocrx_word' id='word_1_57' title='bbox 1395 878 1550 942; x_wconf 86' lang='lat' dir='ltr'><strong>jubet.</strong></span> 
     </span>
     <span class='ocr_line' id='line_1_9' title="bbox 203 962 1643 1027; baseline 0.002 -19"><span class='ocrx_word' id='word_1_58' title='bbox 203 962 410 1010; x_wconf 90' lang='lat' dir='ltr'><strong>XLVII.</strong></span> <span class='ocrx_word' id='word_1_59' title='bbox 445 964 717 1011; x_wconf 83' lang='lat' dir='ltr'><strong>Volturcius</strong></span> <span class='ocrx_word' id='word_1_60' title='bbox 762 965 1081 1027; x_wconf 86' lang='lat' dir='ltr'><strong>interrogatus</strong></span> <span class='ocrx_word' id='word_1_61' title='bbox 1126 970 1157 992; x_wconf 78' lang='lat'><strong>‘⁶</strong></span> <span class='ocrx_word' id='word_1_62' title='bbox 1176 964 1233 1011; x_wconf 92' lang='lat' dir='ltr'><strong>de</strong></span> <span class='ocrx_word' id='word_1_63' title='bbox 1269 964 1451 1021; x_wconf 89' lang='lat' dir='ltr'><strong>itinere,</strong></span> <span class='ocrx_word' id='word_1_64' title='bbox 1492 964 1548 1011; x_wconf 90' lang='lat' dir='ltr'><strong>de</strong></span> <span class='ocrx_word' id='word_1_65' title='bbox 1566 964 1643 1011; x_wconf 89' lang='lat' dir='ltr'><strong>lit-</strong></span> 
     </span>
     <span class='ocr_line' id='line_1_10' title="bbox 136 1048 1642 1113; baseline 0.001 -19"><span class='ocrx_word' id='word_1_66' title='bbox 136 1048 263 1104; x_wconf 88' lang='lat' dir='ltr'><strong>teris,</strong></span> <span class='ocrx_word' id='word_1_67' title='bbox 290 1051 527 1111; x_wconf 73' lang='lat' dir='ltr'><strong>postremo</strong></span> <span class='ocrx_word' id='word_1_68' title='bbox 553 1050 680 1112; x_wconf 91' lang='lat' dir='ltr'><strong>quid,</strong></span> <span class='ocrx_word' id='word_1_69' title='bbox 706 1056 788 1096; x_wconf 83' lang='lat' dir='ltr'><strong>aut</strong></span> <span class='ocrx_word' id='word_1_70' title='bbox 815 1050 906 1113; x_wconf 64' lang='lat' dir='ltr'><strong>qua</strong></span> <span class='ocrx_word' id='word_1_71' title='bbox 930 1050 986 1096; x_wconf 91' lang='lat' dir='ltr'><strong>de</strong></span> <span class='ocrx_word' id='word_1_72' title='bbox 1011 1049 1191 1096; x_wconf 64' lang='lat' dir='ltr'><strong>caussa1</strong></span> <span class='ocrx_word' id='word_1_73' title='bbox 1229 1049 1412 1097; x_wconf 89' lang='lat' dir='ltr'><strong>consilii</strong></span> <span class='ocrx_word' id='word_1_74' title='bbox 1451 1049 1642 1096; x_wconf 85' lang='lat' dir='ltr'><strong>habuis-</strong></span> 
     </span>
     <span class='ocr_line' id='line_1_11' title="bbox 137 1134 1637 1200; baseline 0 -19"><span class='ocrx_word' id='word_1_75' title='bbox 137 1142 207 1181; x_wconf 86' lang='lat' dir='ltr'><strong>set</strong></span> <span class='ocrx_word' id='word_1_76' title='bbox 221 1134 274 1181; x_wconf 56' lang='grc' dir='ltr'><strong>’.Ψ</strong></span> <span class='ocrx_word' id='word_1_77' title='bbox 311 1137 463 1199; x_wconf 79' lang='lat' dir='ltr'><strong>primo</strong></span> <span class='ocrx_word' id='word_1_78' title='bbox 501 1138 678 1200; x_wconf 87' lang='lat' dir='ltr'><strong>fingere</strong></span> <span class='ocrx_word' id='word_1_79' title='bbox 715 1137 819 1194; x_wconf 88' lang='lat' dir='ltr'><strong>alia,</strong></span> <span class='ocrx_word' id='word_1_80' title='bbox 858 1136 1156 1183; x_wconf 87' lang='lat' dir='ltr'><strong>dissimulare</strong></span> <span class='ocrx_word' id='word_1_81' title='bbox 1193 1135 1250 1182; x_wconf 91' lang='lat' dir='ltr'><strong>de</strong></span> <span class='ocrx_word' id='word_1_82' title='bbox 1282 1135 1637 1199; x_wconf 80' lang='lat' dir='ltr'><strong>conjuratione3</strong></span> 
     </span>
     <span class='ocr_line' id='line_1_12' title="bbox 135 1221 1642 1286; baseline -0.001 -18"><span class='ocrx_word' id='word_1_83' title='bbox 135 1228 256 1284; x_wconf 88' lang='lat' dir='ltr'><strong>post,</strong></span> <span class='ocrx_word' id='word_1_84' title='bbox 284 1222 366 1269; x_wconf 92' lang='lat' dir='ltr'><strong>ubi</strong></span> <span class='ocrx_word' id='word_1_85' title='bbox 389 1222 481 1270; x_wconf 92' lang='lat' dir='ltr'><strong>fide</strong></span> <span class='ocrx_word' id='word_1_86' title='bbox 504 1223 711 1286; x_wconf 65' lang='lat' dir='ltr'><strong>publica2</strong></span> <span class='ocrx_word' id='word_1_87' title='bbox 738 1223 889 1270; x_wconf 86' lang='lat' dir='ltr'><strong>dicere</strong></span> <span class='ocrx_word' id='word_1_88' title='bbox 906 1223 1070 1286; x_wconf 87' lang='lat' dir='ltr'><strong>jussus</strong></span> <span class='ocrx_word' id='word_1_89' title='bbox 1095 1228 1180 1278; x_wconf 89' lang='lat' dir='ltr'><strong>est,</strong></span> <span class='ocrx_word' id='word_1_90' title='bbox 1209 1221 1380 1278; x_wconf 89' lang='lat' dir='ltr'><strong>omnia,</strong></span> <span class='ocrx_word' id='word_1_91' title='bbox 1414 1221 1486 1268; x_wconf 86' lang='lat' dir='ltr'><strong>uti</strong></span> <span class='ocrx_word' id='word_1_92' title='bbox 1509 1226 1642 1284; x_wconf 86' lang='lat' dir='ltr'><strong>gesta</strong></span> 
     </span>
     <span class='ocr_line' id='line_1_13' title="bbox 136 1307 1640 1375; baseline -0.003 -16"><span class='ocrx_word' id='word_1_93' title='bbox 136 1318 281 1368; x_wconf 86' lang='lat' dir='ltr'><strong>erant,</strong></span> <span class='ocrx_word' id='word_1_94' title='bbox 323 1312 505 1375; x_wconf 85' lang='lat' dir='ltr'><strong>aperit:</strong></span> <span class='ocrx_word' id='word_1_95' title='bbox 547 1312 759 1375; x_wconf 85' lang='lat' dir='ltr'><strong>“paucis</strong></span> <span class='ocrx_word' id='word_1_96' title='bbox 799 1318 908 1358; x_wconf 88' lang='lat' dir='ltr'><strong>ante</strong></span> <span class='ocrx_word' id='word_1_97' title='bbox 949 1310 1127 1366; x_wconf 91' lang='lat' dir='ltr'><strong>diebus,</strong></span> <span class='ocrx_word' id='word_1_98' title='bbox 1157 1326 1184 1356; x_wconf 90' lang='lat' dir='ltr'><strong>a</strong></span> <span class='ocrx_word' id='word_1_99' title='bbox 1227 1307 1429 1357; x_wconf 86' lang='lat' dir='ltr'><strong>Gabinio</strong></span> <span class='ocrx_word' id='word_1_100' title='bbox 1461 1314 1507 1355; x_wconf 91' lang='lat' dir='ltr'><strong>et</strong></span> <span class='ocrx_word' id='word_1_101' title='bbox 1533 1307 1640 1354; x_wconf 88' lang='lat' dir='ltr'><strong>Coe-</strong></span> 
     </span>
     <span class='ocr_line' id='line_1_14' title="bbox 134 1384 1639 1460; baseline -0.003 -16"><span class='ocrx_word' id='word_1_102' title='bbox 134 1399 265 1460; x_wconf 89' lang='lat' dir='ltr'><strong>pario</strong></span> <span class='ocrx_word' id='word_1_103' title='bbox 291 1384 470 1446; x_wconf 87' lang='lat' dir='ltr'><strong>socium</strong></span> <span class='ocrx_word' id='word_1_104' title='bbox 502 1398 774 1454; x_wconf 82' lang='lat' dir='ltr'><strong>adscitum,³</strong></span> <span class='ocrx_word' id='word_1_105' title='bbox 811 1397 932 1444; x_wconf 90' lang='lat' dir='ltr'><strong>nihil</strong></span> <span class='ocrx_word' id='word_1_106' title='bbox 964 1394 1166 1460; x_wconf 72' lang='lat' dir='ltr'><strong>amplius</strong></span> <span class='ocrx_word' id='word_1_107' title='bbox 1192 1395 1325 1451; x_wconf 89' lang='lat' dir='ltr'><strong>scire,</strong></span> <span class='ocrx_word' id='word_1_108' title='bbox 1353 1394 1492 1459; x_wconf 66' lang='lat' dir='ltr'><strong>quam</strong></span> <span class='ocrx_word' id='word_1_109' title='bbox 1515 1394 1639 1457; x_wconf 85' lang='lat' dir='ltr'><strong>lega-</strong></span> 
     </span>
     <span class='ocr_line' id='line_1_15' title="bbox 134 1481 1637 1538; baseline -0.003 -7"><span class='ocrx_word' id='word_1_110' title='bbox 134 1492 236 1531; x_wconf 88' lang='lat' dir='ltr'><strong>tos:</strong></span> <span class='ocrx_word' id='word_1_111' title='bbox 276 1485 603 1532; x_wconf 73' lang='lat' dir='ltr'><strong>tantummodo</strong></span> <span class='ocrx_word' id='word_1_112' title='bbox 645 1484 806 1531; x_wconf 84' lang='lat' dir='ltr'><strong>audire</strong></span> <span class='ocrx_word' id='word_1_113' title='bbox 832 1484 1023 1531; x_wconf 90' lang='lat' dir='ltr'><strong>solitum</strong></span> <span class='ocrx_word' id='word_1_114' title='bbox 1049 1500 1105 1530; x_wconf 83' lang='lat' dir='ltr'><strong>ex</strong></span> <span class='ocrx_word' id='word_1_115' title='bbox 1130 1481 1349 1538; x_wconf 88' lang='lat' dir='ltr'><strong>Gabinio,</strong></span> <span class='ocrx_word' id='word_1_116' title='bbox 1378 1481 1433 1528; x_wconf 88' lang='lat' dir='ltr'><strong>P.</strong></span> <span class='ocrx_word' id='word_1_117' title='bbox 1461 1481 1637 1527; x_wconf 86' lang='lat' dir='ltr'><strong>Autro-</strong></span> 
     </span>
     <span class='ocr_line' id='line_1_16' title="bbox 132 1567 1639 1633; baseline -0.004 -15"><span class='ocrx_word' id='word_1_118' title='bbox 132 1572 280 1627; x_wconf 86' lang='lat' dir='ltr'><strong>nium,</strong></span> <span class='ocrx_word' id='word_1_119' title='bbox 310 1571 523 1618; x_wconf 87' lang='lat' dir='ltr'><strong>Servium</strong></span> <span class='ocrx_word' id='word_1_120' title='bbox 550 1571 744 1626; x_wconf 84' lang='lat' dir='ltr'><strong>Sullam,</strong></span> <span class='ocrx_word' id='word_1_121' title='bbox 772 1571 832 1617; x_wconf 90' lang='lat' dir='ltr'><strong>L.</strong></span> <span class='ocrx_word' id='word_1_122' title='bbox 858 1569 1217 1633; x_wconf 83' lang='lat' dir='ltr'><strong>Vargunteium,</strong></span> <span class='ocrx_word' id='word_1_123' title='bbox 1258 1567 1436 1614; x_wconf 86' lang='lat' dir='ltr'><strong>multos</strong></span> <span class='ocrx_word' id='word_1_124' title='bbox 1469 1572 1639 1630; x_wconf 81' lang='lat' dir='ltr'><strong>praete-</strong></span> 
     </span>
     <span class='ocr_line' id='line_1_17' title="bbox 133 1653 1630 1721; baseline -0.003 -18"><span class='ocrx_word' id='word_1_125' title='bbox 133 1657 212 1704; x_wconf 71' lang='lat' dir='ltr'><strong>rea</strong></span> <span class='ocrx_word' id='word_1_126' title='bbox 248 1657 298 1703; x_wconf 91' lang='lat' dir='ltr'><strong>in</strong></span> <span class='ocrx_word' id='word_1_127' title='bbox 341 1657 394 1704; x_wconf 69' lang='lat' dir='ltr'><strong>ea</strong></span> <span class='ocrx_word' id='word_1_128' title='bbox 431 1658 752 1721; x_wconf 88' lang='lat' dir='ltr'><strong>conjuratione</strong></span> <span class='ocrx_word' id='word_1_129' title='bbox 795 1657 943 1704; x_wconf 77' lang='lat' dir='ltr'><strong>esse-’³</strong></span> <span class='ocrx_word' id='word_1_130' title='bbox 1016 1655 1196 1702; x_wconf 89' lang='lat' dir='ltr'><strong>Eadem</strong></span> <span class='ocrx_word' id='word_1_131' title='bbox 1224 1653 1351 1701; x_wconf 91' lang='lat' dir='ltr'><strong>Galli</strong></span> <span class='ocrx_word' id='word_1_132' title='bbox 1385 1653 1594 1700; x_wconf 87' lang='lat' dir='ltr'><strong>fatentur</strong></span> <span class='ocrx_word' id='word_1_133' title='bbox 1621 1673 1630 1700; x_wconf 93' lang='lat'><strong>:</strong></span> 
     </span>
    </p>
   </div>
   <div class='ocr_carea' id='block_1_3' title="bbox 135 1743 1640 1894">
    <p class='ocr_par' dir='ltr' id='par_1_3' title="bbox 135 1743 1640 1894">
     <span class='ocr_line' id='line_1_18' title="bbox 135 1743 1634 1808; baseline 0 -18"><span class='ocrx_word' id='word_1_134' title='bbox 135 1760 188 1791; x_wconf 85' lang='lat' dir='ltr'><strong>ac</strong></span> <span class='ocrx_word' id='word_1_135' title='bbox 211 1744 470 1792; x_wconf 83' lang='lat' dir='ltr'><strong>Lentulum</strong></span> <span class='ocrx_word' id='word_1_136' title='bbox 503 1745 881 1793; x_wconf 88' lang='lat' dir='ltr'><strong>dissimulantem</strong></span> <span class='ocrx_word' id='word_1_137' title='bbox 920 1751 1197 1808; x_wconf 85' lang='lat' dir='ltr'><strong>coarguunt,</strong></span> <span class='ocrx_word' id='word_1_138' title='bbox 1240 1749 1414 1807; x_wconf 86' lang='lat' dir='ltr'><strong>praeter</strong></span> <span class='ocrx_word' id='word_1_139' title='bbox 1436 1743 1634 1800; x_wconf 84' lang='lat' dir='ltr'><strong>litteras,</strong></span> 
     </span>
     <span class='ocr_line' id='line_1_19' title="bbox 135 1828 1640 1894; baseline 0 -18"><span class='ocrx_word' id='word_1_140' title='bbox 135 1829 442 1887; x_wconf 90' lang='lat' dir='ltr'><strong>sermonibus,</strong></span> <span class='ocrx_word' id='word_1_141' title='bbox 470 1847 588 1894; x_wconf 92' lang='lat' dir='ltr'><strong>quos</strong></span> <span class='ocrx_word' id='word_1_142' title='bbox 610 1831 785 1878; x_wconf 86' lang='lat' dir='ltr'><strong>habere</strong></span> <span class='ocrx_word' id='word_1_143' title='bbox 811 1830 977 1878; x_wconf 89' lang='lat' dir='ltr'><strong>solitus</strong></span> <span class='ocrx_word' id='word_1_144' title='bbox 998 1850 1008 1877; x_wconf 77' lang='lat'>2</span> <span class='ocrx_word' id='word_1_145' title='bbox 1052 1836 1083 1856; x_wconf 91' lang='lat'><strong>“</strong></span> <span class='ocrx_word' id='word_1_146' title='bbox 1106 1830 1180 1876; x_wconf 85' lang='lat' dir='ltr'><strong>Ex</strong></span> <span class='ocrx_word' id='word_1_147' title='bbox 1201 1829 1334 1876; x_wconf 87' lang='lat' dir='ltr'><strong>libris</strong></span> <span class='ocrx_word' id='word_1_148' title='bbox 1360 1828 1640 1892; x_wconf 80' lang='lat' dir='ltr'><strong>Sybillinis,⁴</strong></span> 
     </span>
    </p>
   </div>
   <div class='ocr_carea' id='block_1_4' title="bbox 128 2013 1637 2828">
    <p class='ocr_par' dir='ltr' id='par_1_4' title="bbox 138 2013 1637 2125">
     <span class='ocr_line' id='line_1_20' title="bbox 187 2013 1637 2066; baseline -0.001 -15"><span class='ocrx_word' id='word_1_149' title='bbox 187 2014 355 2052; x_wconf 89' lang='lat' dir='ltr'><strong>XLVII.</strong></span> <span class='ocrx_word' id='word_1_150' title='bbox 387 2013 398 2035; x_wconf 93' lang='lat'>¹</span> <span class='ocrx_word' id='word_1_151' title='bbox 428 2014 541 2062; x_wconf 84' lang='lat' dir='ltr'><strong>Quid,</strong></span> <span class='ocrx_word' id='word_1_152' title='bbox 577 2023 646 2053; x_wconf 81' lang='lat' dir='ltr'><strong>aut</strong></span> <span class='ocrx_word' id='word_1_153' title='bbox 665 2017 740 2065; x_wconf 69' lang='lat' dir='ltr'><strong>qud</strong></span> <span class='ocrx_word' id='word_1_154' title='bbox 760 2017 806 2052; x_wconf 81' lang='lat' dir='ltr'><strong>de</strong></span> <span class='ocrx_word' id='word_1_155' title='bbox 826 2015 998 2066; x_wconf 62' lang='lat' dir='ltr'><strong>caus-sii]</strong></span> <span class='ocrx_word' id='word_1_156' title='bbox 1030 2016 1215 2063; x_wconf 80' lang='lat' dir='ltr'><strong>Expone:</strong></span> <span class='ocrx_word' id='word_1_157' title='bbox 1254 2013 1360 2056; x_wconf 76' lang='lat' dir='ltr'><strong>Quid</strong></span> <span class='ocrx_word' id='word_1_158' title='bbox 1384 2013 1544 2061; x_wconf 78' lang='lat' dir='ltr'><strong>consilii,</strong></span> <span class='ocrx_word' id='word_1_159' title='bbox 1567 2020 1637 2050; x_wconf 83' lang='lat' dir='ltr'><strong>aut</strong></span> 
     </span>
     <span class='ocr_line' id='line_1_21' title="bbox 138 2078 996 2125; baseline 0.005 -12"><span class='ocrx_word' id='word_1_160' title='bbox 138 2078 212 2125; x_wconf 69' lang='lat' dir='ltr'><strong>qud</strong></span> <span class='ocrx_word' id='word_1_161' title='bbox 232 2079 279 2114; x_wconf 89' lang='lat' dir='ltr'><strong>de</strong></span> <span class='ocrx_word' id='word_1_162' title='bbox 299 2081 436 2117; x_wconf 60' lang='lat' dir='ltr'><strong>caussa</strong></span> <span class='ocrx_word' id='word_1_163' title='bbox 455 2081 494 2117; x_wconf 92' lang='lat' dir='ltr'><strong>id</strong></span> <span class='ocrx_word' id='word_1_164' title='bbox 514 2080 658 2117; x_wconf 86' lang='lat' dir='ltr'><strong>consilii</strong></span> <span class='ocrx_word' id='word_1_165' title='bbox 676 2080 996 2118; x_wconf 86' lang='lat' dir='ltr'><strong>habuisset.—M.</strong></span> 
     </span>
    </p>

    <p class='ocr_par' dir='ltr' id='par_1_5' title="bbox 132 2139 1635 2254">
     <span class='ocr_line' id='line_1_22' title="bbox 183 2139 1635 2194; baseline -0.003 -15"><span class='ocrx_word' id='word_1_166' title='bbox 183 2139 199 2162; x_wconf 77' lang='lat'><strong>²</strong></span> <span class='ocrx_word' id='word_1_167' title='bbox 226 2140 326 2179; x_wconf 81' lang='lat' dir='ltr'><strong>Fide</strong></span> <span class='ocrx_word' id='word_1_168' title='bbox 337 2143 532 2194; x_wconf 48' lang='lat' dir='ltr'><strong>publicet]</strong></span> <span class='ocrx_word' id='word_1_169' title='bbox 564 2144 770 2181; x_wconf 84' lang='lat' dir='ltr'><strong>Introduxi</strong></span> <span class='ocrx_word' id='word_1_170' title='bbox 788 2144 1030 2181; x_wconf 88' lang='lat' dir='ltr'><strong>Volturcium</strong></span> <span class='ocrx_word' id='word_1_171' title='bbox 1048 2142 1129 2180; x_wconf 87' lang='lat' dir='ltr'><strong>sine</strong></span> <span class='ocrx_word' id='word_1_172' title='bbox 1141 2142 1279 2190; x_wconf 86' lang='lat' dir='ltr'><strong>legatis</strong></span> <span class='ocrx_word' id='word_1_173' title='bbox 1294 2154 1303 2177; x_wconf 77' lang='lat' dir='ltr'><strong>e</strong></span> <span class='ocrx_word' id='word_1_174' title='bbox 1321 2141 1444 2188; x_wconf 86' lang='lat' dir='ltr'><strong>fidem</strong></span> <span class='ocrx_word' id='word_1_175' title='bbox 1461 2140 1496 2176; x_wconf 84' lang='lat' dir='ltr'><strong>ei</strong></span> <span class='ocrx_word' id='word_1_176' title='bbox 1500 2140 1635 2188; x_wconf 81' lang='lat' dir='ltr'><strong>publi-</strong></span> 
     </span>
     <span class='ocr_line' id='line_1_23' title="bbox 132 2206 1227 2254; baseline 0 -12"><span class='ocrx_word' id='word_1_177' title='bbox 132 2219 215 2243; x_wconf 85' lang='lat' dir='ltr'><strong>cam</strong></span> <span class='ocrx_word' id='word_1_178' title='bbox 218 2206 334 2254; x_wconf 75' lang='lat' dir='ltr'><strong>jussu</strong></span> <span class='ocrx_word' id='word_1_179' title='bbox 353 2207 509 2245; x_wconf 69' lang='lat' dir='ltr'><strong>senatscs</strong></span> <span class='ocrx_word' id='word_1_180' title='bbox 529 2208 627 2245; x_wconf 82' lang='lat' dir='ltr'><strong>dedi.</strong></span> <span class='ocrx_word' id='word_1_181' title='bbox 687 2207 764 2246; x_wconf 89' lang='lat' dir='ltr'><strong>Cic.</strong></span> <span class='ocrx_word' id='word_1_182' title='bbox 784 2207 835 2244; x_wconf 81' lang='lat' dir='ltr'><strong>in&#39;.</strong></span> <span class='ocrx_word' id='word_1_183' title='bbox 859 2207 942 2245; x_wconf 83' lang='lat' dir='ltr'><strong>Cat.</strong></span> <span class='ocrx_word' id='word_1_184' title='bbox 964 2219 1044 2254; x_wconf 86' lang='lat' dir='ltr'><strong>cap.</strong></span> <span class='ocrx_word' id='word_1_185' title='bbox 1065 2206 1227 2243; x_wconf 82' lang='lat' dir='ltr'><strong>iv..-M.</strong></span> 
     </span>
    </p>

    <p class='ocr_par' dir='ltr' id='par_1_6' title="bbox 128 2265 1634 2699">
     <span class='ocr_line' id='line_1_24' title="bbox 182 2265 1634 2320; baseline -0.002 -14"><span class='ocrx_word' id='word_1_186' title='bbox 182 2268 198 2290; x_wconf 73' lang='lat'>³</span> <span class='ocrx_word' id='word_1_187' title='bbox 234 2270 386 2318; x_wconf 83' lang='lat' dir='ltr'><strong>Omnia,</strong></span> <span class='ocrx_word' id='word_1_188' title='bbox 407 2272 466 2308; x_wconf 83' lang='lat' dir='ltr'><strong>uti</strong></span> <span class='ocrx_word' id='word_1_189' title='bbox 480 2277 589 2320; x_wconf 70' lang='lat' dir='ltr'><strong>qesta</strong></span> <span class='ocrx_word' id='word_1_190' title='bbox 606 2276 727 2317; x_wconf 81' lang='lat' dir='ltr'><strong>erant,</strong></span> <span class='ocrx_word' id='word_1_191' title='bbox 749 2270 878 2319; x_wconf 81' lang='lat' dir='ltr'><strong>aperit</strong></span> <span class='ocrx_word' id='word_1_192' title='bbox 894 2282 906 2305; x_wconf 89' lang='lat'><em>:</em></span> <span class='ocrx_word' id='word_1_193' title='bbox 941 2269 1112 2318; x_wconf 82' lang='lat' dir='ltr'><strong>“paucis</strong></span> <span class='ocrx_word' id='word_1_194' title='bbox 1141 2274 1232 2305; x_wconf 82' lang='lat' dir='ltr'><strong>ante</strong></span> <span class='ocrx_word' id='word_1_195' title='bbox 1250 2268 1393 2314; x_wconf 80' lang='lat' dir='ltr'><strong>diebus,</strong></span> <span class='ocrx_word' id='word_1_196' title='bbox 1415 2265 1438 2302; x_wconf 86' lang='grc' dir='ltr'>ὰ</span> <span class='ocrx_word' id='word_1_197' title='bbox 1466 2267 1634 2303; x_wconf 83' lang='lat' dir='ltr'><strong>Gabinio</strong></span> 
     </span>
     <span class='ocr_line' id='line_1_25' title="bbox 131 2330 1630 2384; baseline -0.002 -15"><span class='ocrx_word' id='word_1_198' title='bbox 131 2340 167 2370; x_wconf 80' lang='lat' dir='ltr'><strong>et</strong></span> <span class='ocrx_word' id='word_1_199' title='bbox 193 2334 371 2382; x_wconf 84' lang='lat' dir='ltr'><strong>Coepario</strong></span> <span class='ocrx_word' id='word_1_200' title='bbox 387 2333 634 2384; x_wconf 74' lang='lat' dir='ltr'><strong>adscitum.”]</strong></span> <span class='ocrx_word' id='word_1_201' title='bbox 667 2334 913 2371; x_wconf 84' lang='lat' dir='ltr'><strong>Understand.</strong></span> <span class='ocrx_word' id='word_1_202' title='bbox 933 2334 1123 2381; x_wconf 88' lang='lat' dir='ltr'><strong>additque.</strong></span> <span class='ocrx_word' id='word_1_203' title='bbox 1156 2332 1225 2370; x_wconf 89' lang='lat' dir='ltr'><strong>See</strong></span> <span class='ocrx_word' id='word_1_204' title='bbox 1243 2332 1413 2369; x_wconf 87' lang='lat' dir='ltr'><strong>Perizon.</strong></span> <span class='ocrx_word' id='word_1_205' title='bbox 1434 2343 1484 2368; x_wconf 89' lang='lat' dir='ltr'><strong>on</strong></span> <span class='ocrx_word' id='word_1_206' title='bbox 1503 2330 1630 2368; x_wconf 84' lang='lat' dir='ltr'><strong>Sanct.</strong></span> 
     </span>
     <span class='ocr_line' id='line_1_26' title="bbox 129 2392 1633 2446; baseline -0.005 -11"><span class='ocrx_word' id='word_1_207' title='bbox 129 2399 292 2435; x_wconf 82' lang='lat' dir='ltr'><strong>Minerv.</strong></span> <span class='ocrx_word' id='word_1_208' title='bbox 313 2401 349 2445; x_wconf 84' lang='lat'><strong>4,</strong></span> <span class='ocrx_word' id='word_1_209' title='bbox 373 2400 407 2445; x_wconf 85' lang='lat'><strong>5,</strong></span> <span class='ocrx_word' id='word_1_210' title='bbox 428 2410 465 2446; x_wconf 85' lang='lat' dir='ltr'><strong>p.</strong></span> <span class='ocrx_word' id='word_1_211' title='bbox 500 2400 589 2436; x_wconf 85' lang='lat'><strong>663.</strong></span> <span class='ocrx_word' id='word_1_212' title='bbox 645 2397 756 2434; x_wconf 82' lang='lat' dir='ltr'><strong>After</strong></span> <span class='ocrx_word' id='word_1_213' title='bbox 786 2397 924 2444; x_wconf 80' lang='lat' dir='ltr'><strong>aperit,</strong></span> <span class='ocrx_word' id='word_1_214' title='bbox 959 2397 1132 2434; x_wconf 87' lang='lat' dir='ltr'><strong>Kritzius</strong></span> <span class='ocrx_word' id='word_1_215' title='bbox 1163 2396 1272 2432; x_wconf 88' lang='lat' dir='ltr'><strong>reads</strong></span> <span class='ocrx_word' id='word_1_216' title='bbox 1302 2396 1484 2442; x_wconf 80' lang='lat' dir='ltr'><strong>docetque</strong></span> <span class='ocrx_word' id='word_1_217' title='bbox 1511 2406 1550 2429; x_wconf 84' lang='lat' dir='ltr'><strong>se</strong></span> <span class='ocrx_word' id='word_1_218' title='bbox 1565 2405 1580 2434; x_wconf 92' lang='lat'><em>;</em></span> <span class='ocrx_word' id='word_1_219' title='bbox 1613 2392 1633 2428; x_wconf 90' lang='grc' dir='ltr'>Ι</span> 
     </span>
     <span class='ocr_line' id='line_1_27' title="bbox 128 2456 1629 2509; baseline -0.005 -11"><span class='ocrx_word' id='word_1_220' title='bbox 128 2462 243 2498; x_wconf 86' lang='lat' dir='ltr'><strong>think</strong></span> <span class='ocrx_word' id='word_1_221' title='bbox 262 2462 371 2497; x_wconf 80' lang='lat' dir='ltr'><strong>docet</strong></span> <span class='ocrx_word' id='word_1_222' title='bbox 388 2473 650 2509; x_wconf 66' lang='lat' dir='ltr'><strong>unnecaesary,</strong></span> <span class='ocrx_word' id='word_1_223' title='bbox 677 2462 748 2498; x_wconf 86' lang='lat' dir='ltr'><strong>but</strong></span> <span class='ocrx_word' id='word_1_224' title='bbox 766 2473 806 2496; x_wconf 87' lang='lat' dir='ltr'><strong>se</strong></span> <span class='ocrx_word' id='word_1_225' title='bbox 835 2471 1034 2508; x_wconf 85' lang='lat' dir='ltr'><strong>necessary</strong></span> <span class='ocrx_word' id='word_1_226' title='bbox 1052 2460 1110 2496; x_wconf 86' lang='lat' dir='ltr'><strong>for</strong></span> <span class='ocrx_word' id='word_1_227' title='bbox 1141 2459 1206 2495; x_wconf 89' lang='lat' dir='ltr'><strong>the</strong></span> <span class='ocrx_word' id='word_1_228' title='bbox 1225 2458 1316 2495; x_wconf 85' lang='lat' dir='ltr'><strong>sake</strong></span> <span class='ocrx_word' id='word_1_229' title='bbox 1334 2458 1377 2493; x_wconf 87' lang='lat' dir='ltr'><strong>of</strong></span> <span class='ocrx_word' id='word_1_230' title='bbox 1389 2456 1629 2505; x_wconf 87' lang='lat' dir='ltr'><strong>perspicuity‚</strong></span> 
     </span>
     <span class='ocr_line' id='line_1_28' title="bbox 130 2520 1631 2566; baseline -0.004 -5"><span class='ocrx_word' id='word_1_231' title='bbox 130 2537 172 2562; x_wconf 89' lang='lat' dir='ltr'><strong>as</strong></span> <span class='ocrx_word' id='word_1_232' title='bbox 190 2525 238 2560; x_wconf 89' lang='lat' dir='ltr'><strong>he</strong></span> <span class='ocrx_word' id='word_1_233' title='bbox 255 2525 326 2561; x_wconf 88' lang='lat' dir='ltr'><strong>has</strong></span> <span class='ocrx_word' id='word_1_234' title='bbox 345 2525 535 2561; x_wconf 83' lang='lat' dir='ltr'><strong>observed.</strong></span> <span class='ocrx_word' id='word_1_235' title='bbox 593 2524 662 2561; x_wconf 89' lang='lat' dir='ltr'><strong>See</strong></span> <span class='ocrx_word' id='word_1_236' title='bbox 680 2524 720 2560; x_wconf 89' lang='lat' dir='ltr'><strong>in</strong></span> <span class='ocrx_word' id='word_1_237' title='bbox 738 2524 804 2559; x_wconf 87' lang='lat' dir='ltr'><strong>the</strong></span> <span class='ocrx_word' id='word_1_238' title='bbox 822 2527 911 2560; x_wconf 88' lang='lat' dir='ltr'><strong>note</strong></span> <span class='ocrx_word' id='word_1_239' title='bbox 941 2524 984 2560; x_wconf 85' lang='lat' dir='ltr'><strong>of</strong></span> <span class='ocrx_word' id='word_1_240' title='bbox 1006 2523 1072 2559; x_wconf 92' lang='lat' dir='ltr'><strong>the</strong></span> <span class='ocrx_word' id='word_1_241' title='bbox 1103 2533 1206 2559; x_wconf 87' lang='lat' dir='ltr'><strong>same</strong></span> <span class='ocrx_word' id='word_1_242' title='bbox 1234 2521 1317 2566; x_wconf 46' lang='grc' dir='ltr'><strong>ΚΒ,</strong></span> <span class='ocrx_word' id='word_1_243' title='bbox 1347 2531 1369 2556; x_wconf 90' lang='lat' dir='ltr'><strong>a</strong></span> <span class='ocrx_word' id='word_1_244' title='bbox 1398 2520 1546 2556; x_wconf 84' lang='lat' dir='ltr'><strong>curicus</strong></span> <span class='ocrx_word' id='word_1_245' title='bbox 1570 2520 1631 2556; x_wconf 86' lang='lat' dir='ltr'><strong>in-</strong></span> 
     </span>
     <span class='ocr_line' id='line_1_29' title="bbox 129 2582 1631 2635; baseline -0.005 -10"><span class='ocrx_word' id='word_1_246' title='bbox 129 2588 375 2635; x_wconf 86' lang='lat' dir='ltr'><strong>terpretation</strong></span> <span class='ocrx_word' id='word_1_247' title='bbox 394 2587 436 2624; x_wconf 87' lang='lat' dir='ltr'><strong>of</strong></span> <span class='ocrx_word' id='word_1_248' title='bbox 449 2587 514 2624; x_wconf 90' lang='lat' dir='ltr'><strong>the</strong></span> <span class='ocrx_word' id='word_1_249' title='bbox 532 2587 656 2623; x_wconf 83' lang='lat' dir='ltr'><strong>words</strong></span> <span class='ocrx_word' id='word_1_250' title='bbox 673 2586 773 2621; x_wconf 80' lang='lat' dir='ltr'><strong>nihil</strong></span> <span class='ocrx_word' id='word_1_251' title='bbox 795 2586 964 2633; x_wconf 77' lang='lat' dir='ltr'><strong>amplius</strong></span> <span class='ocrx_word' id='word_1_252' title='bbox 995 2585 1088 2621; x_wconf 87' lang='lat' dir='ltr'><strong>scire</strong></span> <span class='ocrx_word' id='word_1_253' title='bbox 1107 2596 1221 2632; x_wconf 87' lang='lat' dir='ltr'><strong>quam</strong></span> <span class='ocrx_word' id='word_1_254' title='bbox 1239 2583 1395 2631; x_wconf 83' lang='lat' dir='ltr'><strong>legatos,</strong></span> <span class='ocrx_word' id='word_1_255' title='bbox 1429 2583 1487 2619; x_wconf 84' lang='lat' dir='ltr'><strong>for</strong></span> <span class='ocrx_word' id='word_1_256' title='bbox 1503 2582 1631 2619; x_wconf 84' lang='lat' dir='ltr'><strong>which</strong></span> 
     </span>
     <span class='ocr_line' id='line_1_30' title="bbox 129 2646 1249 2699; baseline -0.004 -11"><span class='ocrx_word' id='word_1_257' title='bbox 129 2653 177 2688; x_wconf 93' lang='lat' dir='ltr'><strong>he</strong></span> <span class='ocrx_word' id='word_1_258' title='bbox 196 2651 482 2699; x_wconf 80' lang='lat' dir='ltr'><strong>acknowledges</strong></span> <span class='ocrx_word' id='word_1_259' title='bbox 500 2650 657 2686; x_wconf 86' lang='lat' dir='ltr'><strong>himself</strong></span> <span class='ocrx_word' id='word_1_260' title='bbox 669 2650 844 2685; x_wconf 89' lang='lat' dir='ltr'><strong>indebted</strong></span> <span class='ocrx_word' id='word_1_261' title='bbox 862 2653 902 2684; x_wconf 91' lang='lat' dir='ltr'><strong>to</strong></span> <span class='ocrx_word' id='word_1_262' title='bbox 922 2646 1249 2695; x_wconf 85' lang='lat' dir='ltr'><strong>Herzogius.—C.</strong></span> 
     </span>
    </p>

    <p class='ocr_par' dir='ltr' id='par_1_7' title="bbox 131 2709 1629 2828">
     <span class='ocr_line' id='line_1_31' title="bbox 182 2709 1629 2762; baseline -0.003 -13"><span class='ocrx_word' id='word_1_263' title='bbox 182 2713 198 2735; x_wconf 79' lang='lat'>⁴</span> <span class='ocrx_word' id='word_1_264' title='bbox 225 2713 294 2751; x_wconf 76' lang='lat' dir='ltr'><strong>Eoe</strong></span> <span class='ocrx_word' id='word_1_265' title='bbox 310 2714 418 2750; x_wconf 81' lang='lat' dir='ltr'><strong>libris</strong></span> <span class='ocrx_word' id='word_1_266' title='bbox 437 2711 670 2762; x_wconf 61' lang='lat' dir='ltr'><strong>Sybillinis]</strong></span> <span class='ocrx_word' id='word_1_267' title='bbox 696 2711 734 2749; x_wconf 88' lang='lat' dir='ltr'>A</span> <span class='ocrx_word' id='word_1_268' title='bbox 748 2716 901 2759; x_wconf 85' lang='lat' dir='ltr'><strong>strange</strong></span> <span class='ocrx_word' id='word_1_269' title='bbox 921 2722 1072 2748; x_wconf 84' lang='lat' dir='ltr'><strong>woman</strong></span> <span class='ocrx_word' id='word_1_270' title='bbox 1084 2710 1205 2748; x_wconf 84' lang='lat' dir='ltr'><strong>caned</strong></span> <span class='ocrx_word' id='word_1_271' title='bbox 1218 2709 1435 2756; x_wconf 82' lang='lat' dir='ltr'><strong>Amalthea,</strong></span> <span class='ocrx_word' id='word_1_272' title='bbox 1449 2709 1536 2746; x_wconf 84' lang='lat' dir='ltr'><strong>who</strong></span> <span class='ocrx_word' id='word_1_273' title='bbox 1549 2720 1629 2746; x_wconf 82' lang='lat' dir='ltr'><strong>was</strong></span> 
     </span>
     <span class='ocr_line' id='line_1_32' title="bbox 131 2772 1628 2828; baseline -0.007 -10"><span class='ocrx_word' id='word_1_274' title='bbox 131 2793 154 2817; x_wconf 84' lang='lat' dir='ltr'><strong>a</strong></span> <span class='ocrx_word' id='word_1_275' title='bbox 172 2778 320 2828; x_wconf 84' lang='lat' dir='ltr'><strong>Sibylla</strong></span> <span class='ocrx_word' id='word_1_276' title='bbox 337 2790 379 2815; x_wconf 89' lang='lat' dir='ltr'><strong>or</strong></span> <span class='ocrx_word' id='word_1_277' title='bbox 396 2777 624 2826; x_wconf 87' lang='lat' dir='ltr'><strong>prophetess,</strong></span> <span class='ocrx_word' id='word_1_278' title='bbox 658 2776 690 2814; x_wconf 90' lang='lat' dir='ltr'><strong>is</strong></span> <span class='ocrx_word' id='word_1_279' title='bbox 710 2776 790 2813; x_wconf 85' lang='lat' dir='ltr'><strong>said</strong></span> <span class='ocrx_word' id='word_1_280' title='bbox 808 2780 848 2812; x_wconf 81' lang='lat' dir='ltr'><strong>to</strong></span> <span class='ocrx_word' id='word_1_281' title='bbox 865 2776 964 2811; x_wconf 82' lang='lat' dir='ltr'><strong>have</strong></span> <span class='ocrx_word' id='word_1_282' title='bbox 982 2774 1148 2823; x_wconf 87' lang='lat' dir='ltr'><strong>brought</strong></span> <span class='ocrx_word' id='word_1_283' title='bbox 1166 2773 1254 2810; x_wconf 88' lang='lat' dir='ltr'><strong>nine</strong></span> <span class='ocrx_word' id='word_1_284' title='bbox 1271 2772 1390 2811; x_wconf 84' lang='lat' dir='ltr'><strong>books</strong></span> <span class='ocrx_word' id='word_1_285' title='bbox 1407 2776 1448 2810; x_wconf 85' lang='lat' dir='ltr'><strong>to</strong></span> <span class='ocrx_word' id='word_1_286' title='bbox 1467 2772 1628 2821; x_wconf 80' lang='lat' dir='ltr'><strong>Tarqui-</strong></span> 
     </span>
    </p>
   </div>
  </div>
 </body>
</html>
