1889 3191
282 277 331 313 70
733 274 1010 313 SALLUSTII
1039 274 1303 314 CATILINA.

279 391 567 447 adfluerent3
603 390 732 438 fuere
755 398 914 438 tamen
938 392 1074 448 cives,
1112 392 1191 454 qui
1215 407 1354 455 seque
1387 406 1577 454 remque
1611 389 1763 454 publi-

279 492 382 523 cam
405 476 651 523 obstinatis
675 476 843 523 animis
866 476 1102 539 perditum
1124 477 1262 523 irent.
1334 477 1551 540 Namque
1582 476 1764 522 duobus

281 561 431 608 senati
454 560 668 616 decretis,
704 577 761 607 ex
783 563 914 607 tanta
935 561 1251 616 multitudine,
1288 577 1437 624 neque
1470 562 1665 624 praemio
1696 561 1766 607 in-

282 645 452 693 ductus
476 645 842 708 conjurationem
869 644 1165 707 patefecerat,
1192 660 1342 708 neque
1366 662 1422 692 ex
1445 646 1611 693 castris
1635 645 1764 693 Cati-

279 731 390 777 linae
413 730 659 792 quisquam
681 730 891 775 omnium
915 729 1206 776 discesserat.
1227 735 1360 776 tanta
1388 730 1458 777 vis
1493 730 1658 786 morbi,
1696 731 1767 776 uti

279 814 425 869 tabes,
463 814 709 875 plerosque
733 813 903 860 civium
927 813 1107 860 animos
1129 814 1375 860 invaserat.

345 899 606 945 XXXVII.
644 898 810 961 Neque
848 897 1000 945 solum
1038 899 1131 945 illis
1169 899 1318 945 aliena
1355 914 1487 946 mens
1529 906 1641 955 erat,
1688 900 1768 962 qui

280 982 456 1030 conscii
492 982 858 1046 conjurationis;
897 983 979 1030 sed
1016 984 1207 1030 omnino
1244 991 1413 1031 cuncta
1447 984 1641 1047 plebes,l
1687 1001 1769 1031 no-

285 1112 362 1163 (for
380 1114 469 1150 thus
486 1112 534 1149 he
552 1113 659 1149 reads
677 1112 774 1149 from
793 1124 817 1149 a
835 1111 941 1162 MS.)
959 1113 1025 1150 Sec.
1047 1115 1111 1160 38,
1132 1114 1225 1151 Nox
1239 1118 1275 1151 et
1288 1115 1415 1162 praeda
1427 1118 1633 1153 castrorum
1645 1116 1770 1153 hostes

283 1182 469 1214 remorata
487 1181 586 1213 sunt.
645 1177 706 1213 Ita
725 1182 762 1214 et
793 1178 882 1215 alibi
914 1179 1068 1225 passim,
1101 1189 1188 1226 says
1217 1179 1301 1215 that
1336 1179 1440 1227 truly
1467 1178 1618 1216 learned
1653 1180 1767 1216 critic.

287 1242 442 1288 Crispus
462 1252 580 1278 seems
599 1247 639 1279 to
656 1242 754 1278 have
772 1243 848 1278 had
867 1242 1026 1278 Terence
1045 1242 1084 1278 in
1102 1243 1209 1287 view,
1232 1242 1491 1279 Heautontim.
1511 1243 1546 1288 5,
1563 1244 1597 1289 2,
1618 1245 1677 1289 10,
1694 1243 1771 1280 Ubi

285 1311 324 1343 te
342 1307 421 1343 vidi
440 1307 565 1342 animo
584 1317 662 1342 esse
681 1307 826 1353 omisso,
848 1312 885 1343 et
915 1307 1047 1343 suavia
1073 1307 1112 1342 in
1139 1307 1347 1353 praesentia,
1379 1307 1472 1351 Quae
1491 1310 1623 1353 essent,
1637 1308 1769 1355 prima

291 1372 440 1417 habere,
461 1371 626 1410 &c.—C.

341 1437 554 1474 XXXVII.
598 1434 609 1457 ¹
633 1437 709 1473 Sed
739 1438 889 1475 omnino
921 1442 1057 1474 cuncta
1088 1438 1230 1486 plebes,
1269 1436 1358 1487 &c.]
1402 1437 1595 1476 Cornelius
1632 1438 1771 1474 Fronto

289 1500 556 1547 distinguishoe
581 1502 748 1538 between
783 1502 914 1547 omnis,
946 1506 1113 1546 cunctus,
1148 1502 1223 1537 and
1259 1501 1465 1546 universus,
1502 1501 1614 1537 thus:
1644 1513 1770 1537 omnes

286 1563 434 1600 nullum
453 1563 605 1610 excipit,
640 1568 683 1600 ut
713 1575 840 1600 omnes
863 1564 1045 1609 homines,
1079 1564 1134 1600 ita
1160 1568 1198 1599 et
1215 1575 1297 1608 res,
1327 1564 1453 1599 cuncti
1471 1564 1511 1599 in
1529 1574 1771 1610 personarum

289 1636 445 1662 numero
477 1627 729 1671 nominantur,
750 1626 869 1673 prisco
889 1626 978 1663 dicti
995 1627 1134 1672 verbo3
1162 1625 1329 1662 universi
1353 1625 1393 1661 in
1411 1637 1528 1662 unam
1546 1626 1770 1662 sententiam

289 1689 469 1735 conversi,
490 1689 635 1726 dicendi
653 1690 743 1738 quid
763 1690 842 1726 sive
860 1689 1030 1726 faciendi.
1086 1689 1123 1725 J.
1146 1689 1187 1727 C.
1211 1688 1377 1736 Scaliger
1407 1688 1448 1724 in
1478 1688 1538 1725 his
1569 1687 1772 1725 admirable

288 1730 404 1791 wora
422 1752 467 1788 de
502 1751 641 1789 Poetic.
677 1753 758 1790 Lib.
789 1754 825 1798 4,
855 1764 886 1788 c.
921 1754 980 1798 16,
1021 1752 1152 1788 makes
1184 1763 1207 1788 a
1238 1752 1432 1788 difference
1459 1752 1628 1788 between
1655 1751 1769 1796 them,

288 1814 413 1851 which
431 1813 573 1860 pleases
604 1827 665 1852 me
683 1815 797 1851 much
814 1816 956 1860 better,
985 1815 1032 1851 he
1051 1826 1148 1862 says,
1179 1815 1312 1851 Omnis
1337 1814 1497 1861 populus
1529 1817 1651 1860 potest
1677 1813 1772 1849 mihi

290 1877 343 1914 ire
375 1877 537 1923 obviam,
570 1879 683 1914 etiam
715 1879 747 1914 si
779 1878 972 1926 sigillatim
1003 1881 1162 1913 exeant:
1201 1876 1369 1913 Cunctas
1401 1881 1528 1913 autem
1560 1881 1597 1912 et
1628 1887 1772 1912 omnem

289 1939 477 1987 significat
491 1945 527 1977 et
546 1940 669 1977 simul.
687 1941 851 1977 Tametsi
866 1945 957 1987 puto
975 1940 1153 1988 injuriam
1170 1940 1311 1976 factam
1330 1939 1447 1985 alteri,
1467 1943 1524 1975 est
1541 1939 1641 1975 enim
1652 1939 1773 1974 omnis

290 2002 366 2039 ἀπὸ
400 2018 464 2039 του
491 2003 571 2050 ὅμος
602 2007 726 2040 ortum
757 2003 854 2039 sicut
882 2007 919 2040 et
952 2003 1087 2048 Homo,
1120 2003 1256 2049 quippe
1287 2002 1352 2049 qui
1380 2002 1428 2038 sit
1460 2001 1600 2037 animal
1628 2000 1770 2038 sociale.

291 2067 426 2120 ’Λέρου
446 2073 618 2103 cunctum
651 2065 772 2103 Graeci
801 2066 952 2111 dicunt3
983 2066 1071 2102 thus
1102 2065 1159 2101 far
1188 2064 1362 2112 Scaliger.
1418 2063 1456 2100 A
1473 2064 1708 2100 note-writer
1722 2074 1774 2100 on

289 2131 416 2179 virgil
433 2142 530 2179 says,
560 2129 678 2165 Totus
697 2129 808 2165 refers
822 2133 861 2164 to
877 2129 1106 2176 magnitude,
1128 2128 1203 2164 and
1215 2127 1334 2162 omnis
1347 2132 1386 2163 to
1404 2126 1615 2163 multitude.
1672 2125 1773 2164 Con-

290 2194 443 2242 oerning
461 2193 622 2237 omnino,
637 2192 787 2228 derived
804 2191 900 2227 from
912 2191 1043 2237 omnis,
1061 2190 1237 2227 Laurent.
1251 2190 1430 2226 Theodor.
1449 2189 1673 2235 Gronovius,
1692 2189 1730 2224 in
1750 2200 1772 2224 a

288 2256 386 2293 little
404 2256 518 2302 work,
540 2255 665 2291 which
683 2255 752 2290 has
770 2254 882 2290 fallen
912 2254 991 2290 into
1011 2254 1074 2290 the
1101 2254 1222 2289 hands
1252 2253 1293 2288 of
1306 2263 1399 2299 very
1416 2252 1497 2297 few,
1528 2251 1646 2288 called
1664 2251 1773 2287 Basis

289 2318 512 2363 Marmorea,
534 2329 570 2364 p.
594 2318 653 2362 75,
676 2317 847 2353 observes
861 2317 955 2361 that,
979 2315 1175 2353 Suetonius
1207 2315 1239 2350 is
1269 2319 1372 2350 wont
1394 2319 1433 2350 to
1451 2319 1521 2361 put
1538 2314 1569 2350 it
1586 2314 1682 2350 after
1699 2324 1771 2349 nu-

290 2380 436 2422 merals,
458 2385 524 2417 not
542 2379 665 2416 before
683 2379 786 2416 them
802 2393 811 2424 ;
841 2390 891 2424 as,
913 2379 952 2414 in
971 2378 1134 2425 August.
1155 2389 1187 2413 c.
1208 2378 1269 2423 20,
1291 2377 1463 2413 Externa
1480 2376 1579 2413 bella
1596 2376 1674 2411 dua
1693 2387 1772 2412 om-

290 2444 381 2480 nino
407 2455 472 2491 per
504 2455 541 2480 se
569 2442 697 2490 gessit.
756 2441 815 2478 Ib.
836 2453 866 2478 c.
889 2442 950 2486 22,
974 2441 1181 2488 Cladesque
1212 2440 1310 2475 duas
1336 2440 1498 2485 omnino,
1535 2440 1611 2485 &c.,
1646 2451 1677 2475 c.
1708 2439 1771 2475 51.

292 2507 387 2544 Toto
402 2507 553 2554 quidem
571 2505 740 2550 trienni0‚
769 2504 832 2551 qui
864 2504 1015 2540 vivente
1047 2508 1166 2539 matre
1199 2503 1331 2548 abfuit,
1366 2502 1479 2538 semel
1496 2501 1647 2538 omnino
1676 2511 1770 2545 eam,

294 2569 370 2614 &c.‚
392 2570 467 2605 and
486 2581 516 2605 c.
540 2570 602 2605 72.
659 2567 729 2602 Bis
749 2566 899 2602 omnino
929 2571 1007 2603 toto
1027 2576 1199 2611 secessus,
1224 2565 1286 2601 Sec.
1364 2564 1533 2610 Claudio,
1552 2576 1583 2601 c.
1607 2566 1667 2610 17,
1687 2563 1772 2599 Ex-

292 2631 518 2677 peditionem
538 2642 653 2666 unam
673 2629 835 2675 omnino,
861 2629 924 2665 &c.
982 2628 1115 2666 Omnis
1147 2628 1178 2664 is
1197 2627 1413 2675 manifestly
1432 2627 1523 2663 used
1541 2627 1597 2662 for
1615 2630 1714 2662 totus
1732 2625 1772 2661 in

293 2692 378 2728 Liv.
399 2694 433 2737 3,
455 2704 486 2728 c.
511 2694 557 2728 15
575 2707 584 2738 ς
614 2692 734 2728 omnis
751 2692 855 2728 urbis
871 2691 963 2738 loca,
985 2692 1060 2727 and
1079 2691 1118 2727 in
1136 2690 1200 2727 lib.
1223 2691 1256 2736 5,
1278 2702 1309 2726 c.
1330 2691 1393 2726 42.
1450 2689 1524 2726 Seu
1548 2699 1623 2725 non
1651 2689 1772 2723 omnis

293 2753 456 2791 delendae
485 2754 588 2790 urbis
619 2754 734 2790 libido
763 2759 853 2791 erat.
910 2754 960 2792 So
989 2753 1067 2791 also
1095 2753 1199 2791 omni
1229 2750 1320 2798 w'ta,
1343 2749 1500 2797 foi-tota,
1521 2751 1584 2788 lib.
1603 2751 1638 2797 2,
1659 2762 1689 2786 c.
1708 2751 1769 2792 33,

293 2816 380 2853 Vid.
401 2816 690 2864 interpret—C.
