1889 3191
541 197 823 237 SALLUSTII
850 196 1267 236 JUGURTHINUM.
1564 198 1638 233 195

138 315 182 364 si
205 332 363 364 secum
385 314 540 363 foedus
563 315 750 372 faceret,
777 315 1025 363 incolumis
1050 313 1204 362 omnis
1224 313 1311 361 sub
1331 312 1502 377 jugum
1527 315 1638 360 mis-

140 419 303 450 surum
323 402 361 449 :⁷
384 402 624 465 praeterea,
646 403 715 449 uti
732 402 896 449 diebus
913 402 1072 449 decem
1092 399 1326 447 Numidia
1343 397 1636 446 decederet.'’

139 489 275 544 Quae,
314 490 595 551 quamquam
633 488 792 551 gravia
814 494 861 535 et
893 487 1060 550 flagitii
1083 487 1224 550 plena
1259 491 1420 540 erant3
1459 491 1635 541 tamen,

137 573 248 637 quia
281 573 447 621 mortis
487 580 617 622 metu
653 574 918 630 mutabant,
961 573 1101 621 sicuti
1136 572 1257 636 Regi
1295 571 1510 627 libuerat,
1550 587 1640 634 pax

138 659 370 706 convenit.

206 747 444 794 XXXIX.
485 747 578 794 Sed
600 747 682 794 ubi
705 763 760 795 ea
784 748 951 795 Romae
975 752 1216 810 comperta
1240 753 1364 803 sunt,
1392 753 1547 794 metus
1573 758 1641 793 at-

134 845 228 892 que
251 846 425 877 moeror
464 830 702 877 civitatem
738 831 947 878 invasere
970 830 1002 877 :¹
1028 847 1136 893 pars
1173 830 1329 877 dolere
1370 846 1456 893 pro
1492 829 1638 892 gloria

136 915 354 979 imperii:
392 933 502 980 pars
535 917 726 964 insolita
760 933 916 964 rerum
951 917 1240 973 bellicarum,
1290 916 1457 964 timere
1502 916 1639 963 liber-

136 999 253 1045 tati:
280 999 405 1046 Aulo
429 1015 592 1046 omnes
607 1000 781 1055 infesti,
808 1016 862 1046 ac
878 1000 1103 1046 maxume
1122 1000 1202 1063 qui
1225 999 1349 1047 bello
1369 1016 1494 1063 saepe
1519 1016 1638 1062 prae-

136 1083 250 1131 clari
272 1084 458 1132 fuerant
476 1105 488 1141 ;
506 1085 634 1148 quod
649 1091 858 1132 armatus
879 1085 1103 1132 dedecore
1120 1084 1294 1147 potius,
1318 1088 1456 1147 quam
1476 1102 1634 1141 manu,

136 1170 338 1218 salutem
359 1170 656 1234 quaesiverat.
723 1171 799 1219 Ob
835 1187 890 1218 ea
912 1170 1095 1218 Consul
1119 1171 1337 1227 Albinus,
1378 1187 1431 1218 ex
1464 1171 1637 1218 delicto

136 1256 310 1313 statris,
337 1257 576 1313 invidiam,
616 1274 670 1305 ac
704 1257 873 1305 deinde
906 1257 1170 1320 periculum
1204 1257 1393 1314 timens,
1422 1265 1639 1305 senatum

134 1343 196 1391 de
218 1343 393 1391 foedere
415 1344 692 1391 consulebat
710 1364 723 1391 :
752 1350 799 1392 et
823 1350 983 1391 tamen
1000 1344 1190 1391 interim
1218 1346 1423 1391 exercitu
1449 1345 1639 1407 supple-

133 1433 350 1475 mentum
373 1428 575 1475 scribere
597 1446 607 1474 ε
635 1429 693 1475 ab
719 1428 857 1476 sociis
881 1433 928 1475 et
942 1427 1133 1474 nomine
1158 1425 1351 1474 Latino2
1374 1426 1546 1473 auxilia
1568 1443 1639 1473 ar-

134 1529 316 1561 cessere
341 1533 349 1559 :
382 1513 582 1577 denique
605 1513 758 1561 modis
782 1513 1000 1560 omnibus
1024 1513 1261 1560 festinare.
1329 1512 1529 1559 Senatus
1554 1513 1635 1570 ita,

132 1600 205 1646 uti
243 1616 329 1662 par
367 1599 534 1655 fuerat,
563 1598 784 1654 decernit,
814 1613 914 1645 suo
951 1613 1130 1648 ATQUE
1170 1613 1372 1644 POPULI
1411 1613 1633 1645 1Nsussu

136 1701 371 1733 NULLUM
410 1699 666 1733 Po'rmssn
696 1699 903 1731 FOEDUS
931 1699 1103 1730 FIERI.
1173 1683 1353 1730 Consul
1376 1683 1634 1746 impeditus

131 1790 163 1820 a
185 1772 385 1820 tribunis
408 1771 574 1835 plebis,
602 1787 675 1828 ne,
703 1787 819 1834 quas
840 1776 1102 1834 paraverat,
1130 1769 1304 1833 copias,
1345 1786 1504 1818 secum
1526 1787 1634 1833 por-

185 1958 200 1980 '
222 1959 297 1998 Sub
306 1960 445 2009 juqam
464 1958 702 2010 missurum]
725 1961 817 1998 This
832 1962 984 2010 jugum,
1007 1971 1049 1996 01·
1059 1961 1169 2008 yoke‚
1191 1970 1270 1996 was
1285 1963 1362 1996 two
1381 1970 1508 2007 spears
1523 1961 1633 1996 stuek

130 2027 171 2064 in
188 2027 255 2064 the
272 2025 432 2074 ground,
453 2024 547 2061 with
566 2035 636 2061 one
653 2024 730 2061 laid
750 2036 876 2062 across
895 2029 935 2061 at
954 2024 1019 2060 the
1038 2028 1112 2071 top,
1129 2023 1207 2060 like
1227 2035 1249 2060 a
1267 2022 1437 2071 gallows.
1497 2023 1535 2060 It
1554 2036 1633 2061 was

129 2103 154 2128 a
172 2094 329 2138 custom,
349 2090 389 2126 in
407 2089 513 2126 these
544 2089 665 2136 times,
685 2089 743 2126 for
761 2090 826 2126 the
858 2099 1062 2136 conqueror
1090 2092 1130 2124 to
1160 2087 1272 2123 make
1303 2087 1369 2123 the
1397 2087 1635 2134 vanquished

129 2167 218 2204 pass
234 2156 354 2192 under
370 2154 402 2191 it
420 2154 617 2200 disarmed,
638 2154 692 2202 by
706 2165 794 2202 way
812 2153 854 2190 of
866 2153 1075 2202 ignominy,
1094 2152 1169 2187 and
1186 2151 1227 2186 in
1245 2151 1362 2187 token
1374 2151 1419 2186 of
1432 2150 1531 2187 their
1541 2151 1634 2188 sub-

125 2219 278 2268 jection.
334 2217 470 2255 Elorus
490 2217 521 2254 Ι.
543 2228 623 2265 cap.
641 2219 701 2264 11,
719 2218 879 2254 ascribes
898 2217 973 2253 this
991 2215 1188 2252 invention
1200 2218 1239 2251 to
1259 2214 1301 2250 L.
1318 2213 1530 2260 Quinctius,
1548 2215 1634 2251 who

131 2294 211 2320 was
228 2283 345 2320 taken
360 2282 460 2318 from
477 2281 538 2318 his
555 2281 710 2330 plough,
724 2282 835 2318 made
850 2281 1020 2327 dictator,
1038 2280 1113 2316 and
1128 2282 1228 2315 went
1244 2278 1395 2326 against
1406 2279 1471 2314 the
1486 2290 1632 2326 enemy,

131 2347 260 2383 whom
277 2347 326 2382 he
344 2345 562 2393 conquered,
584 2346 659 2382 and
677 2346 770 2383 used
786 2345 827 2382 in
839 2345 915 2382 this
933 2355 1102 2390 manner,
1118 2354 1159 2380 as
1170 2343 1204 2378 if
1209 2343 1301 2390 they
1312 2342 1389 2378 had
1403 2342 1496 2379 been
1509 2342 1634 2379 cattle.

130 2410 241 2446 -M.

186 2472 382 2510 XXXIX.
414 2469 426 2492 ¹
450 2471 579 2508 Metus
599 2477 716 2520 atque
745 2484 879 2510 moeror
907 2471 1100 2508 civitatem
1128 2467 1336 2518 invasere]
1369 2469 1506 2518 Dictys
1536 2468 1628 2507 Cre-

129 2537 259 2583 tensis,
281 2548 304 2573 a
322 2537 420 2574 close
436 2537 606 2575 imitator
623 2537 666 2574 of
680 2536 831 2583 Sallust,
852 2537 919 2574 lib.
942 2538 977 2582 2,
998 2548 1029 2572 c.
1052 2536 1087 2582 8,
1109 2534 1236 2571 Metus
1255 2538 1370 2582 atque
1388 2545 1526 2571 moeror
1543 2533 1630 2570 uni-

131 2615 260 2642 versos
276 2603 561 2642 invasere—C.

220 2669 281 2704 Ab
300 2669 414 2706 sociis
434 2675 470 2706 et
488 2668 638 2706 nomine
658 2666 842 2718 Latina]
876 2666 974 2706 Socii
992 2670 1082 2704 sunt
1101 2665 1235 2713 Italici,
1256 2668 1369 2703 extra
1389 2664 1543 2702 Latium
1563 2676 1632 2701 an-

130 2737 282 2784 tiquum
300 2734 424 2782 positi,
445 2745 582 2772 nomen
603 2733 783 2772 Latinum
802 2736 892 2772 sunt
912 2731 1161 2770 Latini.—M.
