1889 3191
234 226 278 262 31
289 227 310 262 6
609 223 887 262 SALLUSTII
913 223 938 260 J
943 223 1327 262 UGURTHINUM.

234 341 435 399 advenit,
477 348 524 390 et
559 343 601 389 ei
641 342 919 389 nunciatum
950 348 1036 398 est,
1080 340 1367 404 Jugurtham
1402 337 1532 386 haud
1561 337 1724 401 procul

233 427 423 483 abesse;
450 444 557 474 cum
580 428 743 490 paucis
766 427 928 474 amicis
951 434 998 474 et
1014 427 1261 482 Quaestore
1283 432 1459 481 nostro,
1487 422 1622 487 quasi
1643 422 1723 470 ob·

232 514 335 560 vius
375 514 565 560 honoris
605 514 784 569 caussa,
824 511 1035 575 procedit
1073 512 1123 558 in
1145 512 1395 567 tumulum,
1432 510 1723 558 facillumum

232 600 336 646 visu
368 598 717 645 insidiantibus.
788 597 966 645 Eodem
1000 597 1211 644 Numida
1240 613 1347 643 cum
1379 596 1612 660 plerisque
1645 611 1725 643 ne-

234 684 444 730 cessariis
486 685 598 740 suis,
641 684 864 738 inermus,
903 689 958 729 ut
981 682 1173 738 dictum,
1201 681 1414 736 accedit3
1456 697 1511 728 ac
1545 682 1721 737 statim,

235 767 369 828 signo
393 766 518 822 dato,
550 766 755 829 undique
780 765 920 812 simul
943 781 999 812 ex
1022 764 1206 812 insidiis
1229 764 1481 810 invaditur.
1552 762 1725 810 Caeteri

234 853 526 899 obtruncati:
565 852 805 915 Jugurtha
840 851 982 899 Sullae
1015 851 1200 898 vinctus
1234 850 1472 907 traditur‚⁵
1496 856 1543 898 et
1576 850 1635 898 ab
1670 866 1724 898 eo

236 937 296 984 ad
322 938 532 984 Marium
557 937 803 984 deductus.

302 1028 479 1074 CXIV.
519 1027 608 1075 Per
629 1027 755 1074 idem
789 1034 977 1092 tempus
1011 1026 1261 1074 advorsum
1291 1025 1468 1074 Gallos¹
1502 1026 1559 1073 ab
1584 1025 1725 1073 Duci-

234 1117 322 1161 bus
349 1114 535 1170 nostriS‚
565 1115 624 1170 Q.
652 1114 874 1177 Caepione
898 1121 944 1161 et
967 1113 1150 1160 Manlio
1173 1113 1295 1160 male
1329 1119 1607 1175 pugnatum,
1634 1130 1726 1177 quo

234 1208 364 1248 metu
400 1200 539 1247 Italia
578 1200 730 1247 omnis
765 1205 1125 1247 contremuerat.
1198 1199 1367 1264 Illique
1401 1206 1462 1257 et,
1501 1198 1632 1249 inde²
1666 1199 1727 1249 ad

286 1411 300 1433 ⁵
322 1412 433 1448 Sullae
451 1413 600 1449 vinctus
620 1412 825 1464 traditan]
856 1414 1039 1451 Plutarch
1071 1414 1227 1452 informs
1254 1427 1309 1461 us,
1330 1416 1417 1453 that
1445 1416 1552 1454 Sulla
1578 1429 1657 1455 was
1684 1430 1725 1456 so

232 1480 351 1526 proud
370 1478 412 1514 of
425 1479 482 1514 his
503 1490 646 1515 success
665 1480 704 1516 in
723 1480 799 1517 this
828 1480 945 1526 affair,
966 1480 1051 1516 that
1069 1481 1116 1516 he
1143 1471 1280 1517 caused
1298 1481 1409 1516 make
1427 1480 1484 1517 for
1509 1481 1727 1521 himselfan

233 1543 410 1580 annuJJus
425 1543 664 1590 signatorius,
686 1555 727 1580 or
741 1544 888 1592 sealing
902 1545 997 1592 ring,
1015 1555 1064 1580 on
1077 1544 1202 1580 which
1216 1555 1296 1581 was
1307 1545 1540 1591 represented
1554 1544 1728 1585 Bocchus

232 1609 440 1657 delivering
459 1621 510 1656 up
528 1610 552 1646 J
556 1611 724 1658 ugurtha
742 1615 781 1646 to
800 1611 891 1647 him.
933 1610 1013 1646 But
1032 1610 1108 1647 this
1126 1610 1228 1658 piece
1247 1610 1289 1647 of
1303 1610 1488 1658 vanityin
1509 1610 1615 1648 Sulla
1627 1623 1727 1661 gave

231 1679 337 1721 great
358 1674 496 1710 offence
517 1678 554 1711 to
575 1674 843 1711 Marius-M.

288 1737 433 1776 CXIV.
463 1735 475 1759 ¹
498 1739 714 1776 Advorsum
751 1738 910 1789 Gallos]
941 1751 982 1776 or
1009 1739 1146 1786 rather,
1177 1740 1380 1777 advorsum
1409 1739 1641 1788 Germanos3
1669 1742 1728 1779 for

232 1804 337 1840 those
358 1805 443 1841 here
464 1810 592 1841 meant
611 1816 706 1840 were
725 1804 789 1840 the
809 1804 965 1849 Cimbri,
989 1804 1159 1851 Teutoni,
1181 1805 1256 1841 and
1276 1805 1458 1854 Tigurini,
1487 1818 1511 1843 a
1541 1818 1636 1855 very
1653 1818 1727 1844 nu-

228 1881 376 1906 merous
394 1871 534 1917 people,
557 1871 671 1918 being
689 1871 865 1917 upwards
884 1870 926 1907 of
941 1871 1123 1916 300,000‚
1139 1871 1256 1919 going
1268 1872 1383 1909 about
1402 1873 1442 1908 in
1461 1877 1570 1921 quest
1588 1874 1630 1910 of
1642 1885 1727 1911 new

228 1933 471 1971 settlements.
511 1934 618 1982 They
636 1934 711 1970 had
731 1938 813 1970 sent
831 1938 870 1970 to
890 1934 952 1970 the
972 1938 1098 1970 senate
1117 1939 1156 1970 at
1170 1935 1298 1981 Rome,
1315 1935 1480 1984 desiring
1497 1937 1589 1986 they
1599 1936 1727 1974 would

228 1999 314 2044 give
334 1999 439 2035 them
459 2010 560 2035 some
592 1998 692 2044 land,
715 1999 783 2034 but
815 2009 911 2034 were
943 1999 1109 2044 refused3
1140 2010 1181 2035 as
1214 2011 1270 2036 we
1299 2000 1398 2036 have
1427 2001 1493 2038 the
1521 2001 1724 2050 historyin

229 2062 258 2096 F
261 2061 326 2098 lor.
351 2062 415 2107 II.,
437 2074 517 2110 cap.
540 2064 574 2109 ⁶2,
599 2061 753 2109 Repulsi
772 2062 897 2110 igitur,
919 2063 1019 2109 quod
1046 2063 1294 2109 nequiverant
1321 2064 1503 2111 precibus,
1527 2066 1642 2102 armis
1659 2076 1725 2114 pe-

228 2132 303 2162 tere
323 2127 570 2163 constituunt.
630 2126 703 2164 Sed
731 2137 798 2162 nec
822 2126 988 2172 primum
1016 2126 1168 2173 quidem
1195 2127 1378 2173 impetum
1398 2128 1643 2165 barbarorum
1663 2128 1724 2167 Si·

226 2192 345 2237 lanus,
369 2204 436 2229 nec
465 2194 669 2229 secundum
688 2192 866 2238 Manlius,
888 2203 955 2228 nec
982 2192 1136 2228 tertium
1158 2191 1282 2239 Caepio
1301 2193 1482 2230 sustinere
1509 2199 1723 2241 potuerunt.

228 2258 369 2294 Omnes
386 2258 520 2306 fugati,
542 2258 650 2294 exuti
669 2257 812 2293 castris.
869 2253 1011 2292 Actum
1039 2260 1130 2303 erat,
1150 2256 1221 2292 nisi
1239 2255 1383 2293 Marius
1400 2256 1456 2293 illi
1482 2257 1607 2295 seculo
1634 2270 1724 2296 con-

227 2322 499 2369 tigisset.-—M.

279 2386 293 2407 ²
315 2387 456 2436 Illique
476 2395 512 2424 et
530 2386 653 2438 inda]
687 2387 760 2433 Illi,
782 2387 806 2423 i.
828 2400 857 2423 e.
881 2387 981 2424 Itali.
1039 2387 1119 2423 The
1146 2386 1327 2425 reference
1354 2387 1396 2424 of
1409 2387 1465 2424 illi
1493 2391 1532 2425 to
1552 2387 1665 2426 Italia
1691 2390 1723 2426 is

228 2457 290 2492 the
310 2467 411 2492 same
430 2467 471 2491 as
490 2456 574 2491 that
594 2455 634 2491 of
648 2455 713 2502 qui
736 2459 775 2490 to
794 2453 934 2500 Africa,
956 2465 1036 2501 cap.
1059 2455 1120 2500 89,
1143 2458 1230 2490 note
1251 2453 1398 2490 3.-M.

286 2521 425 2568 Illique
445 2526 481 2556 et
498 2520 588 2556 inde
610 2520 666 2555 ad
682 2525 864 2565 nostram,
890 2516 976 2568 &c.]
1001 2519 1020 2555 Ι
1038 2518 1130 2566 long
1149 2530 1221 2566 ago
1240 2519 1435 2565 suspected
1453 2519 1519 2556 the
1537 2519 1667 2569 purity
1685 2521 1728 2558 of

227 2586 303 2622 this
321 2586 487 2633 reading.
546 2585 717 2621 Kritzius
743 2585 814 2620 has
845 2584 885 2619 in
917 2584 976 2619 his
995 2588 1092 2630 text,
1114 2583 1244 2630 Ibique
1263 2587 1300 2619 et
1318 2583 1404 2619 inde
1431 2595 1549 2631 usque
1567 2584 1616 2620 ad
1633 2595 1723 2621 nos·

227 2659 336 2695 tram,
361 2651 436 2694 &c.,
459 2651 535 2686 and
552 2651 621 2687 has
639 2651 743 2686 these
762 2650 894 2695 words,
913 2647 1049 2696 Ibique
1067 2660 1143 2685 non
1162 2648 1420 2685 dubitavimus
1438 2659 1490 2685 ex
1507 2649 1722 2697 conjectura

227 2716 394 2758 scribere,
416 2727 501 2751 cum
519 2715 667 2763 illique,
690 2716 789 2763 quod
817 2716 857 2752 in
878 2714 994 2752 Codd.
1016 2718 1053 2751 et
1080 2715 1161 2751 edd.
1183 2719 1249 2760 est,
1270 2714 1376 2751 nullo
1402 2715 1513 2751 modo
1539 2715 1721 2762 explicari

225 2791 331 2827 posse
349 2780 556 2815 habeamus
583 2790 814 2826 persuasum.
871 2778 973 2815 Nam
1002 2779 1102 2825 quod
1122 2777 1272 2816 Cottius
1290 2777 1351 2813 illi
1378 2778 1431 2815 sic
1449 2777 1614 2826 positum
1632 2789 1719 2815 cen-
