1889 3191
295 266 344 302 96
751 261 1028 301 SALLUSTII
1057 257 1323 299 CATILINA-

294 381 511 428 videntur
552 380 609 427 de
642 380 783 443 poena
817 395 991 435 eorum,
1035 377 1115 441 qui
1152 376 1333 440 patriae,
1369 373 1657 437 parentibuS,
1685 372 1778 419 aris

293 474 431 531 atque
454 466 570 513 focis
590 466 686 534 suis
709 465 884 512 bellum
917 478 1136 526 paravere
1164 481 1175 508 :
1217 478 1291 508 res
1314 466 1471 507 autem
1505 464 1678 513 monet,
1707 473 1778 504 ca—

292 570 398 600 vere
421 553 479 600 ab
512 552 620 606 illis,
646 551 800 614 quam,
829 549 943 611 quid
976 549 1027 594 in
1053 548 1146 594 illis
1186 552 1464 601 statuamus,
1493 543 1779 592 consultare.

295 638 421 684 Nam
444 643 613 683 caetera
634 641 738 681 tum
772 647 1065 696 persequare,
1091 631 1173 677 ubi
1207 630 1331 676 facta
1365 634 1505 683 sunt;
1539 628 1646 683 hoc,
1684 626 1779 673 nisi

292 721 562 785 proxideriS,
600 735 659 766 ne
703 718 912 772 accidat;
951 716 1032 762 ubi
1068 715 1235 770 evenit,
1278 714 1454 761 frustra
1481 712 1660 776 judicia
1691 711 1779 758 im-

292 808 459 870 plores.
484 805 619 867 capta
643 805 772 860 urbe,
798 803 919 850 nihil
942 803 996 848 fit
1020 802 1184 864 reliqui
1206 800 1356 847 victis.
1427 799 1534 855 Sed,
1560 815 1643 862 per
1667 798 1779 844 deos

291 891 584 946 immortalis,
612 907 695 937 vos
719 906 805 952 ego
841 888 1039 952 adpello,
1078 887 1158 950 qui
1194 902 1376 949 semper
1410 885 1589 939 domos,
1627 883 1775 937 villas,

292 979 439 1040 signa,
467 977 651 1024 tabulas
677 981 852 1022 vestras
875 974 1024 1037 pluris
1049 973 1185 1036 quam
1209 970 1545 1034 rempublicam
1568 968 1744 1016 fecistis
1766 987 1775 1013 :

292 1064 331 1110 si
356 1064 460 1118 ista,
489 1063 820 1125 cujuscumque
845 1060 973 1107 modi
1008 1059 1117 1115 sint,
1145 1075 1251 1122 quae
1286 1056 1632 1119 amplexamini,
1670 1055 1778 1102 reti-

292 1166 414 1205 nere,
444 1149 482 1196 si
506 1148 825 1211 voluptatibus
842 1146 1010 1194 vestris
1034 1145 1182 1193 otium
1198 1144 1407 1208 praebere
1422 1143 1561 1190 voltis
1580 1164 1592 1199 ;
1619 1159 1779 1207 exper-

292 1234 526 1296 giscimini
571 1233 835 1297 aliquando,
884 1239 931 1279 et
975 1231 1204 1293 capessite
1242 1229 1618 1293 rempublicam&
1667 1230 1778 1276 Non

291 1320 446 1382 agitur
469 1320 525 1366 de
548 1319 867 1382 vectigalibus,
893 1334 988 1365 non
1011 1317 1068 1364 de
1093 1316 1322 1364 sociorum
1348 1314 1561 1378 injuriis3
1587 1314 1779 1361 libertas

291 1413 338 1453 et
361 1405 516 1452 anima
538 1411 700 1452 nostra
722 1405 772 1450 in
796 1404 938 1450 dubio
962 1410 1047 1450 est.
1115 1403 1460 1464 Saepenumero,
1484 1400 1646 1447 Patres
1671 1416 1778 1447 con-

292 1490 466 1552 scripti,
494 1490 644 1535 multa
664 1489 804 1535 verba
826 1489 876 1534 in
898 1489 988 1535 hoc
1023 1487 1184 1534 ordine
1209 1486 1325 1533 feci:
1365 1502 1490 1549 saepe
1515 1485 1571 1532 de
1594 1485 1777 1532 luxuria

291 1584 430 1638 atque
453 1575 647 1622 avaritia
668 1581 939 1622 nostrorum
973 1574 1144 1620 civium
1180 1578 1373 1636 questus
1409 1588 1543 1626 sum;
1581 1571 1777 1618 multos-

290 1678 379 1724 que
401 1661 612 1707 mortalis
636 1661 689 1707 eei
723 1660 886 1707 caussa
919 1659 1140 1706 advorsos
1175 1658 1339 1713 habeo,
1369 1657 1449 1720 qui
1482 1657 1603 1703 mihi
1636 1663 1776 1721 atque

290 1750 446 1795 animo
482 1765 587 1795 meo
626 1748 801 1794 nullius
837 1763 1043 1809 unquam
1081 1744 1240 1792 delicti
1284 1744 1483 1807 gratiam
1521 1742 1776 1798 fecissem,³

289 1833 416 1880 haud
439 1833 575 1880 facile
601 1832 791 1879 alterius
814 1831 1013 1878 lubidini
1031 1830 1276 1877 malefacta
1290 1829 1627 1876 condonabam.
1666 1830 1772 1886 Sed,

289 1936 343 1966 ea
365 1919 555 1965 tametsi
576 1934 658 1964 vos
681 1918 812 1980 parvi
834 1916 1123 1979 pendebatis,
1150 1922 1307 1962 tamen
1341 1915 1603 1977 respublica
1624 1916 1771 1970 firma,

288 2004 528 2067 opulentia
549 2003 882 2066 negligentiam
907 2001 1148 2048 tolerabat.
1205 2001 1344 2047 Nunc
1367 2002 1474 2047 vero
1493 2016 1586 2046 non
1603 2000 1652 2046 id
1675 2001 1775 2063 agi-

288 2098 378 2145 tur,
405 2089 555 2145 bonis,
583 2106 643 2135 an
665 2088 801 2134 malis
825 2088 1034 2134 moribus
1069 2087 1308 2141 vivamus3
1346 2102 1495 2148 neque
1529 2092 1770 2148 quantum,

288 2182 369 2222 aut
391 2175 531 2238 quam
554 2174 856 2236 magnificum
879 2173 1129 2235 imperium
1153 2171 1316 2234 populi
1341 2172 1570 2218 Romani:
1599 2171 1680 2218 sed
1699 2188 1775 2219 cu-

282 2262 362 2324 jus
385 2261 488 2307 haec
512 2276 693 2323 cunque
716 2259 858 2314 modi,
886 2265 1058 2313 nostra,
1086 2273 1146 2304 an
1170 2257 1414 2303 nobiscum
1437 2257 1541 2311 una,
1564 2256 1773 2304 hostium

288 2349 445 2394 futura
469 2347 578 2393 sint.
651 2346 744 2392 Hic
766 2344 885 2391 mihi
908 2343 1153 2407 quisquam
1177 2341 1656 2388 mansuetudinem'et
1688 2341 1774 2387 mi-

288 2432 586 2481 scricordiam
608 2431 822 2478 nominat
843 2429 862 2475 ’ἶ
883 2429 983 2492 jam
1006 2427 1187 2491 pridem
1223 2425 1438 2489 equidem
1461 2442 1548 2472 nos
1570 2441 1678 2472 vera
1701 2441 1772 2472 re-

287 2537 390 2566 rum
413 2518 638 2566 vocabula
658 2517 901 2564 amisimus
919 2536 931 2571 ;
958 2515 1066 2578 quia
1082 2515 1205 2560 bona
1223 2513 1373 2559 aliena
1388 2512 1560 2575 largiri,
1575 2511 1773 2560 liberali-

341 2724 356 2746 3
378 2724 521 2760 Delicti
545 2724 715 2771 qratiam
727 2720 942 2772 fecissem]
975 2721 1042 2759 See
1060 2721 1151 2769 Jug.
1182 2733 1212 2757 c.
1238 2721 1324 2766 104,
1346 2719 1430 2756 Liv.
1452 2720 1486 2765 3,
1508 2730 1538 2754 c.
1561 2719 1623 2761 56,
1647 2722 1684 2755 et
1702 2718 1765 2755 lib.

288 2792 321 2836 8,
345 2803 374 2828 c.
397 2792 459 2827 34.
518 2788 536 2824 I
556 2789 654 2824 have
672 2788 786 2824 taken
804 2788 880 2824 this
897 2787 994 2823 from
1013 2798 1036 2822 a
1053 2790 1140 2822 note
1160 2786 1199 2822 in
1218 2784 1405 2822 VValker's
1425 2782 1633 2831 Livy.-C.
