1889 3191
589 274 870 316 SALLUSTII
900 273 1168 315 CATILINA.
1581 282 1628 317 89

129 394 360 458 providet,
388 393 470 440 ubi
491 393 574 440 illa
596 394 839 442 obficiunt.
862 410 1015 457 neque
1039 394 1289 457 quisquam
1323 395 1536 442 omnium
1560 397 1630 443 lu-

128 479 278 526 bidini
302 478 443 525 simul
468 486 514 525 et
538 479 646 526 usui
667 478 865 542 paruit.³
935 479 1033 526 Ubi
1066 479 1325 526 intenderis
1360 480 1624 542 ingenium,

126 567 279 613 ¹valet:
318 566 358 612 si
391 565 554 612 lubido
600 566 827 629 possidet,
867 582 920 612 ea
961 565 1245 620 dominatur,
1286 567 1474 612 animus
1508 566 1630 612 nihil

125 650 263 696 valet.
333 650 515 712 Magna
548 649 669 696 mihi
706 649 840 712 copia
873 648 1181 704 memorandi,
1210 649 1266 694 P.
1296 648 1352 695 C.
1380 650 1461 712 qui
1495 665 1627 711 reges

122 742 266 797 atque
288 734 467 797 populi,
494 735 562 780 ira
585 742 666 781 aut
701 734 1020 780 misericordia
1053 733 1261 797 impulsi,
1299 733 1425 781 male
1460 750 1627 780 consu-

125 819 328 866 luerint:
364 820 449 866 sed
473 835 528 866 ea
560 819 685 866 malo
709 819 875 875 dicere,
904 836 1010 883 quae
1046 819 1247 882 majores
1269 819 1435 875 nostri,
1464 829 1628 866 contra

123 905 383 952 lubidinem
406 906 565 961 animi,
592 906 720 953 recte
744 914 884 969 atque
920 905 1082 952 ordine
1107 905 1294 952 feneres*
1362 906 1496 953 Bello
1521 906 1626 952 Ma-

120 991 360 1047 cedonico,
388 991 514 1054 quod
537 1008 644 1038 cum
667 1007 776 1053 rege
800 992 942 1038 Perse
965 991 1214 1054 gessimus,
1245 992 1541 1038 Rhodiorum
1561 993 1618 1038 ci-

122 1078 256 1133 vitas,
286 1095 459 1141 magna
492 1085 632 1141 atque
666 1079 929 1140 magnifica,
957 1096 1063 1142 quae
1097 1081 1263 1142 populi
1287 1081 1492 1127 Romani
1522 1082 1621 1144 opi-

121 1164 210 1210 bus
242 1172 462 1219 creverat,
489 1163 636 1210 infida
658 1171 798 1226 atque
833 1164 1031 1211 advorsa
1064 1165 1200 1211 nobis
1224 1166 1345 1212 fuit:
1384 1167 1467 1213 sed
1495 1177 1625 1229 post-

117 1266 262 1312 quam
285 1250 409 1296 bello
433 1250 662 1305 confecto,
690 1249 747 1296 de
772 1250 973 1296 Rhodiis
1009 1251 1278 1297 consultum
1306 1260 1392 1307 est,
1423 1253 1623 1316 majores

119 1335 284 1391 nostri,
322 1352 381 1383 ne
406 1337 511 1399 quis
548 1336 818 1382 divitiarum
857 1336 1023 1400 magis,
1056 1337 1195 1400 quam
1231 1338 1417 1401 injuriae
1457 1356 1624 1387 caussa

118 1423 295 1469 bellum
340 1424 582 1486 inceptum
628 1423 818 1479 diceret,
866 1424 1128 1487 impunitos
1176 1424 1411 1472 dimisere.
1481 1427 1618 1481 Item,

119 1508 255 1555 bellis
281 1509 495 1556 Punicis⁵
533 1509 767 1564 omnibus,
805 1508 910 1556 eum
949 1512 1073 1572 saepe
1099 1509 1533 1573 Carthaginienses,
1574 1521 1620 1558 et

116 1595 168 1640 in
191 1611 320 1656 pace,
349 1602 396 1641 et
419 1611 504 1657 per
524 1594 754 1649 inducias,
775 1594 926 1641 multa
948 1595 1124 1641 nefaria
1148 1595 1355 1641 facinora
1380 1595 1615 1652 fecissent,

119 1697 379 1743 numquam
402 1681 495 1743 ipsi
528 1697 613 1744 per
637 1681 929 1727 occasionem
966 1681 1078 1727 talia
1099 1681 1250 1728 fecere
1273 1702 1282 1727 z
1312 1684 1476 1745 magis,
1505 1684 1621 1746 quid

115 1782 169 1812 se
194 1765 389 1828 dignum
414 1766 547 1821 foret,
576 1767 714 1828 quam
740 1766 916 1829 quidin
939 1767 1032 1813 illis
1050 1767 1155 1830 jure
1170 1768 1270 1814 fieri
1294 1780 1469 1830 posset,
1491 1787 1619 1833 quae-

118 1928 225 1975 Pace,
249 1928 290 1966 ‘rb
312 1929 387 1983 γὰρ
408 1930 493 1983 π’ξδς
513 1946 625 1983 χαξιν
645 1932 740 1983 ῥηθὲν
765 1933 955 1969 ἐπισκοτεῖ
972 1934 1025 1981 vc}
1044 1934 1200 1985 καέοξᾶν
1223 1933 1317 1980 ὑμᾶς
1342 1933 1383 1970 τέ
1402 1937 1615 1977 βελτιστον,

126 1990 239 2029 What
257 1995 290 2030 is
309 1996 449 2043 spoken
471 2002 508 2033 to
522 1997 668 2044 please,
684 1997 889 2047 offitscates
898 2011 997 2044 your
1008 1999 1213 2046 judyment
1231 2013 1272 2035 so
1293 2013 1337 2035 as
1358 2006 1394 2035 to
1410 2008 1573 2047 prevent
1587 2002 1617 2035 [t

104 2055 213 2102 from
233 2059 361 2107 seeinq
381 2060 483 2096 what
502 2060 535 2095 is
555 2066 652 2097 most
672 2062 913 2109 usefuI.—C.

166 2116 182 2137 ³
202 2119 393 2158 Lubidini
410 2123 526 2159 simul
544 2129 580 2160 et
600 2124 684 2159 usui
697 2123 872 2174 paruit]
905 2126 1111 2162 Inservivit
1130 2125 1330 2172 cupiditati
1348 2127 1462 2162 simul
1481 2132 1516 2163 et
1537 2128 1614 2164 uti-

112 2182 233 2229 litati3
263 2197 307 2221 ea
325 2187 421 2231 fecit,
445 2199 528 2234 quae
549 2194 710 2235 cuperet,
732 2193 767 2225 et
787 2201 871 2236 quae
890 2186 980 2225 rere
1003 2189 1110 2225 utilia
1131 2190 1376 2226 essent.—]L

164 2246 180 2267 ⁴
206 2249 352 2285 Ordine
361 2248 526 2300 fecer-en]
549 2249 673 2297 Justb,
695 2252 858 2298 consilio,
879 2253 994 2300 inquo
1015 2258 1070 2289 est
1091 2254 1183 2288 ordo
1204 2264 1329 2289 rerum
1347 2254 1610 2302 gerendarum.

111 2313 220 2349 -Μ,

165 2374 181 2394 ⁵
213 2376 309 2412 Item
339 2377 445 2413 bellis
475 2377 672 2428 Punicis]
705 2379 878 2414 Punicus
906 2380 938 2416 is
966 2379 1119 2416 derived
1144 2380 1243 2416 from
1272 2379 1394 2425 Poeni,
1424 2380 1519 2416 with
1547 2381 1612 2416 the

110 2440 187 2476 like
207 2440 352 2487 change
371 2451 412 2475 as
424 2441 548 2488 punio
566 2442 664 2478 from
677 2454 809 2490 poena,
831 2455 872 2478 or
891 2443 1018 2478 munio
1036 2443 1135 2479 from
1152 2443 1289 2478 mcenia
1306 2456 1322 2483 ;
1353 2445 1429 2479 and
1450 2443 1561 2478 Poem·
1579 2444 1611 2480 is

111 2504 175 2538 the
195 2513 296 2539 same
313 2503 409 2538 with
429 2503 576 2550 Phoeni,
599 2504 622 2540 i.
645 2518 674 2540 e.
695 2506 759 2541 the
780 2505 1038 2551 Phaenicz'ans‚
1058 2506 1157 2542 from
1175 2507 1302 2541 whom
1320 2507 1386 2542 the
1407 2506 1610 2554 Carthagi·

111 2566 220 2602 nians
239 2577 335 2602 were
354 2565 558 2614 originally
576 2567 804 2613 descended3
832 2568 890 2604 for
908 2569 1000 2616 they
1019 2580 1124 2605 came
1142 2568 1240 2604 firom
1260 2568 1369 2616 Tyre,
1392 2581 1441 2605 an
1460 2570 1610 2606 ancient

107 2629 189 2677 city
207 2630 249 2665 of
264 2629 470 2675 Phoenicia„
502 2630 585 2666 first
615 2631 723 2675 built,
760 2642 848 2678 says
867 2631 1072 2676 Prideaux‚
1107 2632 1161 2679 by
1192 2632 1256 2668 the
1276 2632 1489 2677 Zidonians,
1530 2634 1607 2668 240

109 2704 218 2740 years
237 2693 359 2729 before
380 2692 586 2731 Solomon’s
605 2693 743 2740 temple
759 2708 766 2738 ;
799 2695 874 2729 and
892 2695 1008 2730 hence
1022 2695 1088 2731 the
1114 2695 1274 2742 prophet
1293 2695 1429 2741 Isaiah,
1451 2697 1609 2742 chapter

109 2756 222 2792 xxiii.
243 2768 321 2793 ver.
349 2758 408 2802 12,
429 2756 522 2794 calls
543 2757 642 2805 Tyre
660 2758 725 2793 the
744 2758 932 2805 daughter
951 2758 992 2794 of
1001 2758 1133 2795 Zidon.
1191 2758 1260 2796 See
1278 2758 1304 2795 J
1307 2771 1370 2807 ug.
1391 2760 1499 2807 chap.
1517 2760 1603 2796 xix.

107 2823 194 2855 note
213 2819 360 2856 4.-M.

1331 2889 1403 2929 12
