1889 3191
529 239 809 278 SALLUSTII
836 241 862 278 J
865 240 1156 279 UGURTHIN
1160 243 1253 279 ΠΜ.
1565 245 1586 280 2
1592 246 1640 281 23

149 364 213 413 to,
240 358 395 405 locum
434 371 610 419 cepere,
655 355 826 419 paullo,
873 359 1012 420 quam
1037 357 1129 413 alii,
1174 357 1420 404 editiorem
1447 377 1456 403 :
1493 374 1643 422 neque

146 442 256 489 inde
278 443 498 489 maxuma
519 443 566 488 vi
589 441 759 505 depelli
775 442 1023 505 quiverunt
1043 463 1056 499 3
1084 442 1166 490 sed
1189 442 1283 489 tela
1297 441 1482 490 eminus
1499 443 1644 490 missa

146 527 416 584 remittere3
452 527 591 591 pauci
612 527 661 573 in
696 527 914 590 pluribus
949 527 1107 575 minus
1142 527 1359 574 frustrati
1380 527 1414 574 :³
1443 527 1518 574 sin
1542 527 1645 574 Nu·

146 612 289 659 midae
313 614 506 677 propius
541 614 862 671 accessissent,
889 614 957 660 ibi
990 614 1098 661 vero
1120 613 1344 661 virtutem
1379 613 1640 670 ostendere,

147 705 194 744 et
218 714 296 744 eos
319 700 540 746 maxuma
563 700 610 746 vi
632 699 824 755 caedere,
851 699 1062 755 fundere,
1091 707 1230 763 atque
1265 700 1444 763 fugare.
1518 700 1644 747 Inte-

145 784 235 830 rim
259 785 497 842 Metellus,
526 790 632 834 cum
657 803 895 834 acerrume
919 803 1018 834 rem
1041 794 1236 849 gereret,
1261 787 1512 834 clamorem
1535 787 1644 834 hos-

145 869 276 917 tilem
301 871 359 918 ab
383 878 515 935 tergo
539 874 744 935 accepit:
784 871 907 929 dein,
933 889 1156 919 converso
1191 889 1325 936 equo,
1353 871 1645 919 animadvor-

146 954 218 1010 tit,
246 955 408 1018 fugam
431 956 492 1003 ad
516 973 565 1004 se
588 974 779 1004 vorsum
813 958 914 1004 fieri
942 977 951 1004 :
995 974 1102 1021 quae
1124 974 1198 1005 res
1233 957 1473 1004 indicabat
1496 973 1646 1020 popu-

143 1038 254 1085 laris
279 1056 395 1088 esse.
468 1041 622 1103 Igitur
655 1043 917 1105 equitatum
952 1058 1140 1088 omnem
1175 1042 1235 1088 ad
1259 1049 1412 1088 castra
1446 1044 1648 1104 propere

145 1123 309 1179 mittit,
335 1140 389 1171 ac
412 1124 573 1171 statim
598 1125 654 1172 C.
682 1125 890 1172 Marium
926 1142 1034 1172 cum
1069 1125 1341 1172 cohortibus
1378 1125 1611 1172 sociorum
1636 1145 1645 1172 :

146 1225 345 1272 eumque
368 1209 634 1257 lacrumans
663 1216 793 1274 “per
816 1211 1070 1257 amicitiam
1099 1226 1274 1273 perque
1308 1210 1647 1273 rempublicam

146 1294 375 1351 obsecrat,
421 1295 485 1344 ne
525 1311 666 1359 quam
702 1296 1037 1343 contumeliam
1081 1311 1321 1342 remanere
1358 1296 1408 1342 in
1443 1296 1648 1343 exercitu

147 1380 336 1438 victore,
362 1383 476 1428 neve
498 1381 650 1429 hostis
673 1381 852 1428 inultos
889 1382 1015 1428 abire
1042 1382 1166 1428 sinat
1184 1382 1230 1428 :''
1258 1382 1336 1429 ille
1365 1383 1493 1429 brevi
1518 1397 1648 1429 man-

148 1466 258 1512 data
282 1466 439 1514 efficit.
510 1468 578 1514 At
601 1467 841 1530 Jugurtha
874 1467 1170 1514 munimento
1206 1476 1466 1514 castrorum
1501 1468 1650 1530 impe-

148 1551 288 1606 ditus,
318 1554 424 1598 cum
449 1552 528 1598 alii
553 1568 691 1615 super
715 1552 890 1599 vallum
923 1553 1346 1615 praecipitarentur,
1374 1552 1453 1598 alii
1486 1552 1537 1598 in
1572 1568 1651 1598 an-

149 1637 317 1699 gustiis
347 1637 441 1699 ipsi
476 1637 566 1684 sibi
598 1644 904 1701 properantes
941 1638 1208 1694 obficerent,
1248 1637 1411 1684 multis
1447 1637 1646 1692 amissis,

149 1723 198 1769 in
222 1722 323 1769 loca
345 1722 530 1769 munita
565 1739 665 1770 sese
700 1723 893 1786 recepit.
966 1723 1208 1778 Metellus,
1235 1722 1409 1769 infecto
1443 1723 1649 1785 negotio,

148 1816 400 1871 postquam
423 1825 518 1855 nox
540 1808 715 1864 aderat,
742 1808 793 1854 in
823 1814 977 1855 castra
1001 1824 1107 1855 cum
1133 1807 1341 1854 exercitu
1363 1807 1633 1854 revortitur.

216 1894 351 1940 LIX.
390 1895 544 1957 Igitur
566 1900 755 1957 postero
780 1894 868 1950 die,
897 1894 1170 1957 priusquam
1197 1893 1252 1941 ad
1280 1893 1651 1957 obpugnandum

152 1976 461 2038 egrederetur,
490 1976 753 2040 equitatum
778 1992 965 2023 omnem
980 1976 1030 2022 in
1054 1976 1106 2022 ea
1129 1983 1278 2038 parte,
1299 1978 1389 2038 qua
1414 1975 1558 2037 Regis
1575 1975 1654 2021 ad-

150 2067 317 2107 ventus
341 2067 455 2116 erat,
482 2077 569 2123 pro
593 2062 757 2108 castris
784 2061 959 2123 agitare
978 2060 1145 2124 judet:
1170 2067 1333 2120 portas
1357 2066 1403 2106 et
1426 2076 1656 2122 proxuma

151 2145 252 2192 loca
275 2146 479 2192 tribunis
514 2146 762 2210 dispertit:
803 2146 972 2194 deinde
995 2146 1098 2209 ipse
1135 2145 1288 2208 pergit
1325 2145 1386 2191 ad
1410 2144 1653 2207 oppidum,

153 2312 267 2357 word,
287 2311 327 2348 in
348 2311 474 2349 Sanct.
495 2311 657 2348 Minerv.
678 2323 715 2358 p.
740 2312 816 2347 700
834 2325 842 2357 ;
865 2310 1033 2358 Scaliger
1052 2321 1100 2346 on
1126 2308 1242 2345 Varro
1263 2308 1307 2343 de
1328 2308 1384 2344 Re
1405 2308 1514 2345 Rust.
1536 2308 1600 2346 lib.
1622 2313 1655 2354 1,

153 2386 187 2421 p.
212 2376 313 2421 2013
343 2376 618 2412 Drakenborch
645 2387 694 2411 on
714 2375 796 2412 Liv.
819 2376 882 2420 41,
908 2376 970 2419 12,
993 2375 1028 2420 8,
1053 2374 1116 2409 διο.
1175 2372 1345 2408 Perizon.
1367 2383 1416 2407 on
1437 2371 1562 2409 Sanct.
1592 2372 1657 2410 lib.

155 2442 191 2484 4,
213 2451 244 2475 c.
268 2441 302 2485 5,
324 2444 412 2476 note
432 2442 467 2486 3,
488 2441 597 2477 reads
614 2441 680 2476 the
699 2441 820 2476 above
848 2444 1021 2476 sentence
1040 2439 1154 2475 thus:
1175 2437 1352 2475 Ceterum
1371 2449 1423 2473 ex
1442 2449 1515 2474 om.
1536 2438 1657 2485 mult„

154 2514 241 2539 non.
263 2504 378 2550 ampl.
400 2505 581 2552 quadrag.
602 2503 729 2539 locum
762 2515 923 2551 capere;
955 2503 1030 2538 and
1062 2503 1103 2538 in
1122 2503 1187 2538 the
1219 2502 1291 2537 end
1319 2501 1361 2537 of
1382 2501 1447 2537 the
1476 2506 1658 2547 sentence,

145 2568 343 2614 frustrari
355 2581 370 2609 ;
400 2570 471 2605 but
489 2570 554 2605 the
572 2569 728 2616 reading
746 2569 787 2604 in
805 2569 869 2604 the
891 2572 979 2604 text
997 2568 1029 2604 is
1047 2566 1282 2604 better.—C.

210 2633 226 2656 ²
246 2635 374 2672 Pauci
391 2635 434 2670 in
447 2635 638 2683 pluribus,
660 2631 786 2670 minas
795 2631 1024 2682 frustrati]
1057 2633 1245 2669 Frustrati
1263 2631 1414 2678 passive
1434 2632 1480 2668 de
1507 2632 1577 2678 his,
1598 2633 1662 2678 qui

156 2712 234 2737 non
250 2701 392 2738 frustra
410 2700 571 2737 mittunt
588 2699 690 2746 tela,
720 2699 785 2747 qui
803 2710 881 2736 non
909 2695 1079 2745 innoxie,
1102 2698 1168 2734 sed
1194 2697 1292 2734 inter
1321 2695 1507 2733 confertos
1526 2693 1663 2733 certius

154 2765 323 2814 aliquem
347 2763 692 2802 confodiunt-M.
