1889 3191
492 215 769 254 SALLUSTII
795 213 1211 253 JUGURTHINL‘M.
1521 217 1537 250 1
1549 217 1569 251 9
1579 217 1596 251 1

110 341 159 386 in
182 337 390 386 Africam
416 341 639 398 portare3
682 349 734 380 ac
772 333 932 380 statim
971 332 1074 396 ipse
1110 331 1364 396 profectus,
1390 333 1458 377 uti
1494 341 1601 379 ante

108 424 296 472 comitia
319 420 445 485 quod
469 418 674 484 tempus¹
698 419 828 466 haud
860 419 997 482 longe
1031 419 1204 475 aberat,
1233 419 1390 474 armis,
1419 426 1498 465 aut
1524 419 1600 465 de-

109 509 298 565 ditione,
326 514 406 554 aut
431 507 591 571 quovis
631 506 772 555 modo
796 506 970 554 bellum
994 507 1256 554 conficeret.
1326 507 1394 553 At
1418 510 1598 560 contra,

108 595 347 659 Jugurtha
384 594 568 642 trahere
607 594 777 651 omnia,
822 601 868 642 et
913 594 1041 651 alias,
1087 594 1254 642 deinde
1296 593 1410 641 alias
1454 609 1600 640 morae

108 697 295 729 caussas
318 681 496 729 facere:
536 680 744 744 polliceri
784 680 1082 737 deditionem,
1124 696 1178 728 ac
1216 679 1384 728 deinde
1422 686 1601 727 metum

108 766 356 814 simulare:
393 764 591 812 instanti
630 764 806 821 cedere,
835 771 882 812 et
905 764 1063 828 paullo
1096 764 1217 828 post,
1245 781 1304 811 ne
1327 763 1400 811 sui
1423 763 1603 811 diffide-

108 860 226 908 rent,
250 852 426 900 instare
447 871 458 899 ε
484 852 551 899 ita
573 851 683 898 belli
706 851 858 908 modo,
886 851 1027 898 modo
1050 852 1180 915 pacis
1202 853 1332 898 mora
1348 850 1602 898 Consulem

107 938 359 985 ludificare.
425 939 498 985 Ac
538 938 682 994 fuere,
712 939 792 1001 qui
831 944 934 984 tum
957 938 1186 984 Albinum
1222 937 1351 984 haud
1384 937 1603 1001 ignarum

108 1024 291 1072 consilii
313 1025 456 1087 Regis
481 1025 818 1072 existumarent
843 1045 855 1080 3
898 1041 1047 1088 neque
1072 1042 1128 1072 ex
1150 1025 1283 1072 tanta
1306 1025 1604 1088 properantia

106 1119 205 1159 tam
227 1110 358 1162 facile
385 1117 588 1158 tractum
610 1111 786 1158 bellum
811 1111 1020 1159 socordia
1034 1112 1198 1174 magis,
1221 1114 1363 1173 quam
1379 1111 1487 1158 dolo
1508 1127 1604 1158 cre-

109 1198 287 1246 derent.
360 1197 452 1245 Sed
484 1204 750 1262 postquam,
796 1197 978 1262 dilapso
1022 1204 1249 1263 tempore,
1306 1198 1604 1246 comitiorum

110 1285 209 1333 dies
254 1284 535 1333 adventabat
557 1305 568 1341 ;
606 1284 827 1341 Albinus,
871 1284 994 1332 Aulo
1040 1285 1182 1332 fratre
1227 1284 1278 1331 in
1317 1284 1482 1332 eastris
1518 1301 1605 1347 pro

111 1374 318 1420 Praetore
340 1372 517 1429 relicto,
545 1373 747 1420 Romam
771 1372 988 1420 decessit.

179 1460 441 1506 XXXVII.
477 1458 548 1506 Ea
581 1466 863 1523 tempestate
899 1461 1066 1507 Romae
1113 1459 1420 1507 seditionibus
1455 1459 1604 1506 tribu-

114 1547 248 1594 niciis
272 1546 489 1594 atrociter
511 1546 774 1610 respublica
797 1546 1077 1610 agitabatur.
1147 1546 1202 1593 P.
1224 1545 1451 1593 Lucullus
1475 1552 1521 1593 et
1546 1545 1603 1592 L.

114 1633 312 1690 Annius,
341 1633 520 1680 tribuni
541 1633 708 1697 plebis,
734 1633 1064 1680 resistentibus
1102 1633 1308 1696 collegis,
1335 1632 1607 1680 continuare

113 1720 442 1784 magistratum
477 1720 780 1767 nitebantur:
820 1737 924 1784 quae
961 1719 1190 1767 dissensio
1214 1720 1361 1767 totius
1396 1719 1508 1766 anni
1533 1734 1608 1765 co-

116 1808 249 1855 mitia
286 1806 588 1871 impediebat.
659 1806 729 1853 Ea
765 1809 894 1854 mora
915 1807 966 1853 in
1003 1822 1136 1871 spem
1175 1806 1408 1854 adductus
1431 1805 1603 1861 Aulus,

114 1913 252 1960 quem
276 1912 362 1960 pro
386 1895 596 1943 Praetore
618 1894 669 1942 in
692 1895 858 1942 castris
880 1895 1096 1942 relictum
1121 1898 1264 1960 supra
1280 1895 1498 1950 diximus,
1526 1902 1608 1941 aut

114 1983 396 2031 conficiundi
417 1982 542 2039 belli,
571 1989 652 2030 aut
675 1989 851 2031 terrore
886 1984 1115 2031 exercitus
1150 1984 1208 2030 ab
1233 1984 1362 2047 Rege
1395 1982 1608 2046 pecuniae

115 2069 374 2133 capiundae,
401 2069 576 2117 milites
598 2085 759 2117 mense
782 2071 817 2118 J
819 2070 1010 2118 anuario
1032 2086 1089 2118 ex
1105 2070 1314 2118 hibernis
1348 2069 1399 2116 in
1422 2068 1609 2132 expedi-

114 2157 291 2204 tionem
316 2164 475 2204 evocat
501 2177 513 2212 3
555 2157 738 2221 magnis
772 2157 1034 2215 itineribus,
1061 2157 1217 2205 hieme
1241 2157 1421 2221 aspera,
1449 2172 1609 2219 perve-

117 2243 188 2290 nit
210 2242 270 2290 ad
292 2242 518 2307 oppidum
543 2243 729 2299 Suthul,
755 2244 837 2291 ubi
864 2244 1007 2308 Regis
1031 2240 1243 2292 thesauri
1267 2250 1414 2292 erant.
1466 2245 1607 2300 Quod

172 2437 364 2475 XXXVI.
395 2435 407 2458 ¹
439 2438 506 2474 Uti
524 2444 614 2474 ante
634 2439 801 2485 comitia,
831 2439 935 2487 quod
963 2444 1119 2487 tempus,
1141 2437 1230 2489 δια]
1263 2439 1332 2478 See
1360 2439 1529 2477 Perizon.
1560 2451 1608 2476 on

118 2504 245 2542 Sanct.
266 2504 330 2541 lib.
364 2505 398 2551 2,
434 2504 469 2550 9,
499 2515 535 2551 p.
571 2504 660 2550 205,
695 2505 781 2540 who
803 2496 1007 2552 ¹instances,
1040 2516 1071 2541 c.
1109 2506 1169 2551 75,
1192 2504 1258 2541 Ex
1290 2505 1454 2552 flumine,
1490 2518 1608 2553 quam

113 2571 335 2618 proximam
354 2580 433 2606 esse
451 2581 595 2617 aquam
628 2569 762 2616 oppido
794 2569 983 2615 diximus3
1015 2570 1090 2606 and
1108 2581 1138 2606 c.
1162 2571 1222 2617 16,
1245 2570 1446 2608 Decretum
1478 2572 1532 2618 fit,
1553 2572 1611 2608 uti

119 2635 247 2672 decem
265 2634 381 2684 legati
399 2635 607 2671 dividerent
625 2646 794 2682 regnum,
809 2634 917 2682 cujus
933 2635 1144 2683 Ieyationis,
1158 2635 1246 2682 &c.;
1267 2637 1342 2673 and
1355 2648 1386 2673 c.
1406 2638 1465 2683 17,
1479 2636 1612 2674 Africa

124 2701 239 2739 habet
256 2703 304 2740 ab
333 2705 418 2739 ortu
436 2700 536 2738 solus
568 2699 749 2737 declivem
776 2700 1025 2747 latitudinem,
1047 2713 1157 2748 quem
1189 2701 1313 2738 locum
1333 2701 1613 2740 Catabathmon

124 2766 254 2805 incolae
271 2766 473 2816 appellant.
530 2766 569 2804 It
586 2766 618 2803 is
637 2765 801 2804 needless
819 2770 858 2804 to
876 2766 1080 2804 transcribe
1098 2778 1200 2804 more
1218 2766 1524 2815 emmples-C.
