1889 3191
611 224 886 263 SALLUSTII
912 224 1178 263 CATILINA.
1593 230 1640 264 17

160 361 385 418 divitias,⁵
410 377 512 409 eam
535 361 707 409 bonam
730 361 903 409 famam
918 377 1226 425 magnamque
1244 360 1536 408 nobilitatem
1555 378 1638 424 pu—

158 449 349 498 tabant:
386 448 539 496 laudis
572 448 710 505 avidi,
748 448 960 512 pecuniae
993 447 1196 495 liberalis
1242 454 1374 495 erant
1390 467 1404 494 ⁴.
1442 447 1637 511 gloriam

157 538 410 600 ingentem,
451 535 636 583 divitias
668 535 891 583 honestas
926 536 1157 583 volebant.
1230 535 1495 583 Memorare
1531 553 1637 599 pos-

155 641 270 681 sem,
298 625 466 689 quibus
488 624 538 671 in
570 623 684 671 locis
718 640 962 671 maxumas
995 623 1208 670 hostium
1242 623 1401 686 copias
1434 622 1637 686 populus

156 709 400 759 Romanus
422 712 563 775 parva
587 727 730 758 manu
761 710 949 767 fuderit,
977 727 1091 775 quas
1124 709 1268 766 urbis,
1297 712 1464 757 natura
1487 710 1638 756 muni-

157 804 245 856 tas,
282 800 536 864 pugnando
571 800 776 863 ceperit;
830 799 877 846 ni
912 817 966 847 ea
997 798 1093 847 res⁶
1131 798 1319 863 longius
1356 800 1413 847 ab
1448 800 1635 863 incepto

156 887 381 935 traheret.

222 976 366 1023 VIII.
405 975 496 1023 Sed
529 974 734 1038 profecto
759 974 980 1022 Fortunal
1005 975 1051 1021 in
1088 975 1217 1021 omni
1251 991 1299 1021 re
1334 974 1635 1021 dominatur:

156 1079 211 1111 ea
231 1080 305 1111 res
328 1069 518 1111 cunctas
543 1079 600 1110 ex
621 1061 830 1109 lubidine
853 1062 1017 1125 magis,
1045 1062 1182 1125 quam
1217 1078 1273 1108 ex
1305 1077 1414 1108 vero
1437 1061 1638 1108 celebrat

153 1148 499 1214 obscuratque.²
566 1148 928 1197 Atheniensium
961 1165 1034 1196 res
1069 1155 1228 1211 gestae,
1257 1148 1395 1195 sicuti
1430 1164 1514 1211 ego
1553 1165 1638 1195 aes-

208 1283 224 1305 ⁵
250 1282 336 1320 Eas
356 1281 547 1333 divitias]
577 1283 601 1319 i.
622 1294 652 1320 e.
687 1296 751 1319 eas
779 1282 936 1319 divitias
969 1293 1046 1319 esse
1078 1294 1185 1319 veras
1205 1282 1372 1328 divitias,
1395 1294 1477 1317 eam
1496 1281 1638 1318 famam

151 1363 233 1388 oese
252 1353 387 1388 bonam
397 1352 550 1400 samam
569 1362 722 1398 eamque
750 1349 982 1386 nobilitatem
1001 1360 1077 1385 esse
1106 1361 1283 1397 maynam
1311 1347 1546 1384 nobilitatem
1560 1361 1638 1396 pu-

152 1417 414 1455 tabant—EI.

210 1483 296 1520 Eas
315 1482 482 1529 divitias,
503 1481 592 1533 δια]
616 1483 652 1520 It
671 1483 703 1520 is
718 1484 838 1520 worth
850 1483 961 1519 while
976 1488 1013 1519 to
1028 1483 1115 1519 read
1127 1483 1191 1520 the
1201 1487 1289 1519 note
1300 1483 1342 1519 of
1349 1483 1575 1529 Perizonius,
1591 1495 1639 1519 on

156 1549 284 1587 Sanet.
305 1549 476 1593 Minerva,
498 1561 534 1596 p.
558 1550 644 1595 731,
665 1549 705 1585 in
722 1550 846 1585 which
864 1550 911 1586 he
930 1550 997 1586 has
1016 1554 1083 1586 not
1099 1549 1287 1597 forgotten
1305 1561 1372 1586 our
1391 1550 1634 1587 author.-C.

205 1611 226 1633 ⁶
256 1613 313 1650 Ni
331 1625 376 1648 ea
395 1610 489 1661 τω]
521 1611 631 1650 Some
661 1613 815 1649 authors
846 1612 971 1649 would
999 1613 1098 1648 have
1126 1612 1207 1648 said
1239 1611 1280 1647 ni
1299 1611 1342 1646 z'd
1353 1626 1368 1654 ,·
1399 1613 1469 1648 but
1499 1611 1640 1649 Sallust

156 1679 280 1727 places
297 1689 347 1715 an
365 1677 543 1726 elegancy
561 1677 599 1713 in
614 1677 763 1725 joining
780 1688 841 1712 res
859 1677 951 1714 with
979 1678 1043 1713 the
1061 1676 1216 1713 relative
1235 1688 1413 1723 pronoun.
1472 1676 1562 1723 Cap.
1584 1677 1638 1712 ix.

158 1743 327 1788 Quarum
353 1753 479 1778 rerum
506 1753 574 1789 ego
601 1752 784 1777 maxuma
811 1741 1033 1777 documenta
1060 1741 1189 1776 habeo.
1247 1739 1339 1786 Cap.
1370 1740 1478 1776 xviii.
1500 1740 1557 1776 Ea
1584 1752 1640 1776 res

155 1806 352 1844 consilium
370 1805 527 1841 diremit.
585 1804 609 1841 J
613 1817 674 1853 ug.
696 1816 775 1852 cap.
790 1804 933 1849 lxxiii„
955 1804 1012 1840 Ea
1025 1815 1083 1840 res
1098 1804 1240 1840 frustra
1257 1803 1343 1840 fuit.
1401 1803 1491 1850 Cap.
1509 1803 1637 1843 lxxv„

156 1869 287 1917 anue
303 1881 362 1906 res
378 1868 544 1906 multum
562 1869 696 1906 animis
715 1881 842 1906 eorum
861 1869 1014 1905 addidit.
1075 1868 1166 1915 Cap.
1187 1867 1332 1914 lxxix„
1363 1868 1459 1904 Eam
1486 1880 1565 1904 rem
1582 1868 1640 1904 lo-

153 1947 221 1972 cus
248 1935 453 1972 admonuit.
511 1935 603 1983 Cap.
622 1935 780 1982 lxxxii„
808 1935 937 1980 Quam
956 1947 1034 1972 rem
1054 1934 1117 1971 alii
1134 1935 1174 1970 in
1195 1934 1408 1981 superbiam
1428 1935 1638 1972 vortebant.

156 1999 249 2046 Cap.
268 1998 441 2045 lxxxiv„
464 1998 537 2037 Sed
555 2010 600 2035 ea
630 2011 688 2036 res
718 1999 858 2036 frustra
891 2003 1072 2046 separata,
1107 1998 1170 2034 Sto.
1229 1997 1318 2034 And
1344 1998 1525 2035 therefore
1552 1998 1583 2034 it
1610 1999 1640 2035 is

154 2063 286 2110 hoped,
307 2063 371 2099 the
389 2063 516 2099 reader
533 2063 613 2099 will
630 2068 696 2100 not
714 2065 760 2100 be
779 2064 965 2110 surprised
993 2067 1032 2100 to
1050 2063 1128 2099 find
1152 2063 1245 2099 such
1265 2062 1501 2110 expressions
1520 2074 1640 2099 some-

155 2131 265 2167 times
284 2129 492 2178 Englished
510 2131 561 2179 by
581 2130 657 2166 this
677 2142 717 2167 or
734 2129 979 2167 which—M.

208 2197 322 2234 VIII.
354 2193 365 2216 ¹
399 2195 473 2233 Sed
482 2194 661 2245 profecto
684 2196 870 2242 Fortuna,
892 2194 981 2246 &c.]
1013 2196 1104 2232 This
1122 2195 1154 2232 is
1173 2193 1364 2242 evidently
1383 2196 1638 2236 adumbrated.

153 2275 197 2301 or
242 2265 368 2301 rather
402 2264 574 2300 imitated
612 2262 710 2299 from
738 2263 934 2299 Demosth.
967 2265 999 2309 1,
1029 2262 1187 2310 Olynth.
1223 2269 1379 2309 μεγαλη
1410 2262 1485 2316 γὰρ
1533 2264 1637 2314 flou-n,

153 2331 306 2378 μᾶλλον
337 2328 371 2368 δὲ
391 2330 472 2368 ἕλον
491 2331 511 2371 ἦ
533 2328 637 2380 τύχη
659 2329 761 2383 παρὰ
782 2330 890 2367 «ταν-π’
921 2329 996 2367 ἐστι
1031 2329 1082 2365 τὰ
1103 2328 1171 2366 τῶν
1191 2329 1380 2383 ἀνθξῶπων
1410 2331 1639 2384 πράγματα.

157 2398 258 2436 Nam
277 2400 440 2436 multum
458 2400 498 2436 in
515 2397 665 2436 fortuna
684 2399 864 2435 momenti
895 2404 960 2444 est,
994 2402 1030 2434 et
1063 2409 1107 2434 ea
1137 2399 1260 2445 potius
1293 2398 1372 2435 sola
1401 2399 1442 2434 in
1469 2400 1642 2436 omnibus

156 2470 374 2506 mortalium
391 2471 501 2506 rebus
521 2470 745 2506 dominatur.
803 2468 880 2505 Cic.
902 2469 937 2514 2,
960 2468 1004 2503 de
1023 2467 1097 2504 Off.
1118 2467 1302 2515 Magnam
1316 2468 1395 2503 vim
1414 2478 1491 2503 esse
1509 2467 1548 2503 in
1565 2467 1641 2504 for-

157 2538 250 2570 tuna
268 2533 308 2570 in
326 2525 523 2581 utramque
540 2543 696 2581 partem,
717 2533 779 2569 vel
797 2533 976 2569 secundas
991 2533 1039 2568 ad
1059 2544 1126 2577 reS,
1147 2532 1210 2568 vel
1228 2532 1413 2578 adversas,
1430 2532 1515 2579 quis
1533 2532 1641 2581 igno-

156 2602 226 2644 rat,
248 2602 284 2634 et
316 2610 400 2645 quae
432 2602 649 2645 sequuntur.
706 2596 816 2641 Plin„
845 2596 924 2632 also
951 2595 1014 2632 lib.
1036 2596 1071 2642 2,
1093 2607 1124 2632 e.
1147 2598 1181 2641 7,
1215 2596 1389 2632 Fortunae
1416 2597 1544 2634 omnia
1569 2609 1636 2634 ex—

156 2673 281 2709 pensa,
316 2662 441 2699 omnia
475 2661 646 2698 feruntur
677 2666 836 2708 accepta,
876 2665 914 2696 et
944 2659 985 2695 in
1020 2664 1100 2696 tota
1136 2659 1279 2696 ratione
1306 2660 1521 2697 mortalium
1563 2663 1641 2699 sola

157 2730 355 2774 utramque
374 2726 554 2774 paginam
572 2724 774 2762 facie—C.

211 2789 227 2812 ²
254 2791 321 2827 Ea
341 2804 400 2827 res
419 2796 575 2827 cunctas
596 2802 642 2826 ez*
662 2790 829 2826 lubidine
848 2789 979 2837 mayis,
1002 2786 1112 2836 quam
1133 2801 1176 2824 ez
1209 2802 1296 2825 cero
1319 2790 1484 2827 celebrat
1502 2791 1635 2828 obscu-

154 2854 330 2907 ratque]
362 2856 502 2895 Celebr.
523 2856 767 2904 obscuratque
786 2854 1032 2904 aggrandizes
1060 2855 1134 2891 and
1162 2854 1324 2903 eclipses,
1345 2867 1386 2892 or
1413 2856 1538 2894 exalts
1565 2859 1638 2895 and

1357 2932 1441 2976 c2
