1889 3191
560 277 842 317 SALLUSTII
871 277 1140 317 CATILINA.
1550 280 1599 316 95

106 398 156 445 in
178 397 270 445 illis
303 395 407 452 fuit,
436 395 516 459 qui
560 412 617 443 ex
652 396 807 459 parvis
848 395 1017 460 opibus
1040 402 1228 442 tantum
1261 395 1513 457 imperium
1536 396 1601 443 fe-

105 500 220 538 cere,
259 483 397 546 quam
420 483 472 528 in
510 482 662 538 nobis,
691 483 772 546 qui
810 499 864 530 ea
893 483 1013 529 bene
1045 489 1183 546 parta
1216 481 1294 528 vix
1327 481 1602 529 retinemus.

106 569 265 617 Placet
288 570 448 632 igitur,
476 586 555 617 eos
580 569 771 626 dimitti,
800 577 846 617 et
882 570 1044 633 augeri
1068 570 1326 618 exercitum
1346 568 1602 616 Catilinae?

103 655 340 710 minume3
380 655 463 702 sed
485 655 553 702 ita
571 672 765 702 censeo:
804 656 1113 719 publicandas
1138 672 1299 703 eorum
1323 654 1603 719 pecunias,¹⁶

104 741 234 804 ipsos
256 741 307 787 in
329 741 529 789 vinculis
551 742 794 789 habendos
818 759 903 805 per
929 742 1200 805 municipia,
1241 758 1347 805 quae
1380 742 1603 788 maxume

106 830 275 893 opibus
297 831 457 878 valent
479 850 488 877 :
514 848 609 878 neu
633 832 738 894 quis
758 831 815 878 de
837 831 878 878 'is
901 838 1067 895 postea
1090 831 1152 878 ad
1176 836 1391 878 senatum
1414 829 1601 885 referat,

106 932 222 963 neve
245 932 352 962 cum
376 916 552 979 populo
576 924 685 979 agat
705 936 713 963 :
743 917 823 980 qui
847 917 981 964 aliter
997 916 1174 972 fecerit,
1198 921 1413 963 senatum
1432 914 1607 961 existu-

107 1017 252 1057 mare,
279 1018 387 1048 eum
413 1009 576 1049 contra
598 1003 939 1064 rempublicam
974 1009 1021 1050 et
1045 1002 1245 1049 salutem
1269 1002 1482 1048 omnium
1509 1000 1606 1047 fac-

108 1089 322 1134 turum.’-'

175 1175 290 1221 LII.
328 1175 588 1239 Postquam
614 1175 777 1222 Caesar
801 1175 987 1222 dicendi
1009 1176 1151 1222 finem
1174 1174 1299 1230 fecit,
1329 1172 1488 1220 caeteri
1508 1189 1607 1219 ver-

108 1260 169 1306 bo
193 1260 310 1307 aJius
346 1262 427 1308 alii
457 1262 583 1308 varie
619 1261 1035 1309 adsentiebantur:
1076 1268 1125 1308 at
1149 1261 1223 1308 M.
1252 1261 1448 1307 Porcius
1473 1259 1608 1306 Catol

108 1352 301 1409 rogatus
326 1347 623 1402 sententiam,
650 1346 981 1410 hujuscemodi
1006 1346 1264 1394 orationem
1289 1345 1474 1392 habuit.

116 1446 150 1493 4
181 1433 388 1495 “Longe
423 1434 542 1480 mihi
577 1434 667 1480 alia
698 1450 834 1481 mens
870 1435 979 1490 est,2
1004 1434 1169 1480 Patres
1204 1432 1474 1494 conscripti,
1503 1430 1609 1477 cum

111 1534 185 1565 res
208 1525 348 1581 atque
387 1520 596 1582 pericula
630 1527 794 1567 nostra
828 1520 1087 1576 considero,
1126 1526 1173 1567 et
1208 1518 1316 1566 cum
1353 1517 1610 1565 sententias

112 1604 448 1651 nonnullorum
470 1622 657 1653 mecum
691 1606 794 1669 ipse
815 1612 998 1670 reputo.
1067 1606 1146 1653 Illi
1179 1605 1300 1652 mihi
1334 1603 1611 1651 disseruisse

116 1768 285 1814 φανῆναιε
320 1785 348 1805 ω
367 1784 470 1815 μετα
492 1783 603 1805 romu
624 1769 690 1805 xa.)
719 1786 757 1806 ου
778 1771 868 1823 παρ’
895 1778 1026 1807 αλλων
1046 1767 1241 1818 δεξάμενοι,
1263 1784 1456 1818 naz-zezen
1486 1783 1524 1805 τε
1548 1769 1614 1804 καὶ

114 1847 261 1885 argona-t
281 1831 534 1876 &acanum-aff
552 1832 768 1888 παξὲδωκαν
789 1838 873 1884 ἧμῖν
892 1836 1018 1884 ava-&3
1052 1852 1198 1886 αισχιω
1217 1833 1251 1873 δὲ
1286 1851 1442 1886 §zore-023
1464 1836 1613 1887 ἀφαιρε-

116 1900 213 1939 θῆναι
234 1900 254 1940 ἧ
277 1901 481 1949 κτωμένους
504 1904 818 1951 aemma—C.

172 1966 201 1988 ¹⁶
228 1968 499 2006 Public-andus
536 1983 664 2007 eorum
696 1968 922 2019 pecunias]
964 1970 1122 2007 Publico
1160 1969 1290 2007 aerario
1328 1968 1612 2016 adjudicandas,

117 2045 229 2082 quem
267 2045 410 2070 morem
438 2047 462 2071 a
490 2034 632 2072 Graeeis
660 2036 826 2072 Romani
853 2039 1089 2082 acceperunt.
1148 2034 1324 2070 Pecunia
1351 2037 1461 2069 notat
1488 2033 1616 2071 omnia

116 2099 338 2137 bona-M.

173 2163 443 2200 Publicandas
463 2177 590 2201 eorum
601 2163 827 2214 pecunias]
850 2164 909 2201 De
927 2175 1020 2201 voce
1032 2164 1214 2212 pecunia.
1246 2163 1333 2199 vid.
1350 2161 1484 2198 Budaei
1501 2161 1616 2199 Com-

118 2234 277 2267 mentar.
297 2241 334 2277 p.
356 2231 521 2269 83.—C.

174 2296 261 2334 LII.
292 2295 305 2317 ¹
331 2296 387 2332 M.
423 2297 590 2333 Porcius
618 2294 751 2347 Cata]
784 2297 876 2333 This
907 2297 940 2333 is
968 2297 1034 2333 the
1065 2296 1214 2333 famous
1234 2294 1341 2340 Cato,
1362 2295 1459 2339 who,
1491 2299 1616 2330 trans-

119 2365 251 2410 ported
279 2366 374 2402 with
398 2365 640 2413 indignation
670 2371 709 2402 at
741 2366 806 2402 the
839 2377 985 2403 success
1002 2366 1045 2402 of
1059 2365 1187 2402 Julius
1216 2364 1342 2402 Caesar
1368 2364 1408 2400 in
1436 2364 1501 2400 the
1529 2362 1619 2399 civil

120 2441 230 2476 wars,
252 2431 408 2468 stabbed
424 2431 586 2477 himself,
607 2432 683 2467 and
703 2431 787 2467 died
806 2435 845 2467 at
875 2431 989 2468 Utica
1005 2445 1014 2476 ς
1045 2431 1122 2467 and
1138 2441 1239 2477 upon
1258 2431 1344 2466 that
1363 2432 1521 2465 account
1539 2439 1619 2465 was

122 2509 210 2533 ever
228 2497 324 2534 after
342 2498 545 2534 sui-named
570 2498 771 2534 Uticensis.
830 2497 911 2535 Our
939 2498 1065 2534 writer
1091 2498 1199 2545 gives
1225 2497 1286 2533 his
1313 2496 1516 2541 character,
1535 2506 1616 2541 cap.

122 2561 189 2598 liv.
229 2561 291 2599 He
308 2574 389 2599 was
405 2562 472 2598 the
483 2563 675 2609 grandson
695 2562 737 2598 of
751 2562 903 2598 Portius
919 2561 1026 2608 Cato,
1040 2563 1105 2598 the
1122 2561 1322 2598 renowned
1335 2560 1516 2606 moralist,
1531 2560 1619 2596 who

123 2627 216 2663 used
234 2631 274 2663 to
293 2626 473 2663 conclude
490 2627 551 2663 his
570 2627 745 2673 speeches
763 2626 804 2662 in
822 2626 888 2663 the
906 2631 1035 2663 senate
1047 2626 1143 2663 with
1160 2626 1237 2663 this
1249 2625 1516 2671 exclamation,
1534 2623 1619 2660 De-

125 2694 241 2730 lenda
262 2700 318 2730 est
337 2692 661 2741 Carthayo.—}L

177 2755 193 2779 ¹
218 2758 356 2807 Lonye
392 2758 487 2794 mihi
523 2758 606 2794 alia
643 2769 749 2792 mens
786 2762 852 2803 est,
887 2755 978 2807 &c.]
1012 2757 1193 2794 Imitated
1226 2757 1325 2796 from
1353 2757 1551 2796 Demosth.
1582 2758 1618 2804 2,

127 2824 288 2874 Olynth.
306 2825 424 2871 initio,
447 2824 534 2874 οὐχι
554 2822 682 2861 ταύτὰ
703 2837 938 2877 auem-ravat
950 2822 1026 2873 μοὶ,
1050 2823 1215 2863 &c.—C.
