1889 3191
273 240 349 277 238
649 238 926 278 SALLUSTII
952 239 978 277 J
981 235 1372 278 UGURTHINUM.

337 357 571 403 LXVIII.
609 356 848 412 MetelluS,
889 361 1139 419 postquam
1179 355 1236 402 de
1281 355 1419 402 rebus
1458 355 1604 416 Vagae
1638 351 1754 399 actis

273 442 512 504 comperit,
540 441 793 504 paullisper
826 447 1024 488 moestus
1059 457 1083 488 e
1117 447 1372 502 conspectu
1405 440 1530 486 abit:
1570 437 1753 494 deinde,

272 526 353 572 ubi
375 526 443 572 ira
466 534 510 572 et
546 525 775 588 aegritudo
809 525 1053 587 permixta,
1079 541 1187 571 cum
1220 526 1439 570 maxuma
1461 525 1571 572 cura
1603 523 1757 570 ultum

271 611 339 657 ire
361 611 554 673 injurias
577 610 784 657 festinat.
854 609 1127 671 Legionem,
1154 612 1261 655 cum
1296 609 1387 672 qua
1409 609 1660 665 hiemabat,
1689 616 1752 663 et,

273 697 409 759 quam
433 695 661 757 plurimos
684 700 842 757 potest
865 694 1100 741 Numidas
1123 693 1304 756 equites
1337 694 1510 755 pariffir
1543 711 1650 740 cum
1685 710 1758 740 oc-

273 796 383 826 casu
407 779 517 826 solis
541 779 783 842 expeditos
803 778 985 835 educit3
1014 783 1060 826 et
1077 777 1264 841 postera
1280 778 1368 834 die,
1391 778 1577 825 circiter
1594 777 1757 824 horam

273 864 494 921 tertiam,l
519 865 733 928 pervenit
755 864 805 910 in
829 864 1078 928 quamdam
1096 863 1353 927 planitiem,
1371 863 1486 910 locis
1509 862 1667 925 paullo
1685 878 1759 909 su-

271 951 534 1014 perioribus
581 950 961 997 circumventam.
1045 949 1121 995 Ibi
1167 948 1338 994 milites
1385 947 1534 994 fessos
1579 945 1758 993 itineris

271 1036 613 1100 magnitudine,
641 1043 687 1083 et
705 1036 803 1099 jam
829 1035 1077 1082 abnuentis
1113 1033 1271 1080 omnia
1305 1033 1453 1088 docet,
1485 1031 1757 1094 “oppidum

271 1123 451 1186 Vagam
473 1137 570 1168 non
594 1121 795 1184 amplius
819 1120 945 1166 mille
968 1136 1194 1182 passuum
1229 1119 1390 1166 abesse
1416 1137 1427 1173 ;
1470 1117 1631 1164 decere
1654 1116 1759 1163 illos

270 1208 500 1271 reliquum
523 1208 730 1254 laborem
748 1222 883 1269 aequo
907 1205 1063 1252 animo
1086 1205 1199 1268 pati,
1228 1204 1340 1251 dum
1364 1219 1450 1266 pro
1465 1203 1642 1250 civibus
1661 1201 1758 1249 suis

270 1293 380 1340 viris
425 1291 708 1339 fortissumis
751 1296 891 1352 atque
926 1289 1229 1343 miserrumis,
1277 1304 1442 1350 poenas
1487 1286 1755 1350 caperent.’'

269 1380 495 1441 praeterea
517 1376 726 1439 praedam
749 1375 953 1437 benigne
989 1374 1235 1421 ostentat.²
1306 1374 1382 1420 Sic
1405 1374 1573 1420 animis
1597 1389 1758 1420 eorum

271 1463 476 1517 arrectis,
506 1461 685 1524 equites
721 1459 770 1505 in
809 1458 962 1521 primo
1001 1458 1106 1514 late,
1133 1456 1315 1520 pedites
1351 1457 1489 1519 quam
1514 1455 1760 1502 artissume

271 1549 351 1604 ire,
380 1547 516 1610 signa
538 1545 770 1593 occultare
787 1544 940 1607 jubet.

336 1633 518 1680 LXIX.
551 1632 806 1694 Vagenses,
844 1629 926 1676 ubi
961 1628 1171 1675 animum
1206 1627 1464 1682 advortere,
1492 1625 1552 1673 ad
1587 1641 1635 1672 se
1657 1640 1759 1672 vor-

273 1722 376 1766 sum
401 1717 653 1766 exercitum
688 1731 912 1779 pergere:
951 1714 1116 1777 primo,
1155 1713 1224 1759 uti
1261 1719 1359 1760 erat
1393 1729 1480 1767 reS,
1508 1711 1759 1759 Metellum

271 1930 363 1965 mar,
384 1930 420 1965 p.
444 1920 532 1964 408,
557 1918 624 1954 8th
644 1917 794 1954 edition.
852 1916 1011 1953 Anthou
1040 1917 1071 1953 is
1103 1916 1212 1954 silent
1232 1916 1327 1952 here.
1387 1914 1455 1952 See
1486 1913 1657 1959 hemath,
1678 1925 1758 1960 cap.

275 1983 361 2026 100,
388 1981 480 2018 Nisi
499 1987 625 2018 tamen
645 1981 863 2028 respublica,
889 1980 1052 2018 &c.—C.

322 2044 336 2066 ⁴
361 2046 669 2093 Intestabilisque
688 2043 871 2094 videtur]
904 2044 1056 2091 Proprie
1076 2044 1137 2080 ille
1156 2048 1222 2090 est,
1244 2043 1308 2091 qui
1334 2054 1402 2079 nec
1429 2040 1683 2078 testimonium
1702 2040 1759 2076 di-

271 2124 360 2158 cere,
381 2124 448 2148 nec
468 2115 737 2148 testamentum
756 2111 885 2155 facere,
916 2114 983 2145 aut
1010 2114 1233 2146 testamento
1253 2108 1393 2154 aliquid
1421 2105 1595 2153 consequi
1612 2109 1734 2152 potest
1751 2121 1758 2142 :

270 2190 384 2226 eoque
399 2179 484 2226 jure
502 2177 623 2224 potior
641 2187 726 2223 pars
746 2177 791 2212 de
805 2176 889 2223 jure
908 2175 1092 2211 libertatis
1103 2175 1374 2211 continebatur.
1410 2172 1511 2208 Hinc
1529 2181 1596 2217 pro
1609 2170 1760 2206 homine

270 2253 432 2290 nequam
452 2245 489 2277 et
517 2240 727 2276 execrando
746 2240 908 2286 ponitur,
929 2238 994 2286 qui
1012 2237 1202 2274 communi
1217 2237 1356 2273 civium
1366 2237 1450 2284 jure
1464 2235 1617 2281 vitaque
1635 2233 1759 2281 indig-

271 2318 341 2343 nus
361 2304 539 2342 est—M.
1731 2331 1735 2334 .

326 2369 512 2407 LXVIII.
542 2366 554 2389 ¹
584 2367 746 2404 Circiter
775 2367 908 2405 horam
938 2365 1125 2415 tertiam]
1158 2367 1237 2402 The
1274 2365 1441 2401 Romans
1477 2362 1629 2399 divided
1665 2361 1761 2398 their

271 2435 355 2482 day,
379 2446 419 2470 or
437 2434 502 2470 the
521 2434 610 2470 time
629 2434 796 2469 between
811 2431 1021 2478 sun-rising
1033 2431 1107 2466 and
1123 2430 1366 2475 sun-setting,
1380 2429 1459 2463 into
1474 2425 1609 2462 twelve
1621 2425 1732 2461 hours
1748 2438 1756 2469 ;

272 2499 345 2533 and
365 2509 405 2534 as
424 2498 515 2545 they
534 2498 694 2533 counted
711 2496 808 2533 from
827 2495 1046 2542 sun-rising.
1067 2494 1165 2530 their
1184 2494 1276 2529 hora
1295 2492 1406 2528 tertia
1417 2490 1504 2535 will,
1527 2495 1566 2526 at
1585 2490 1650 2526 the
1668 2489 1759 2524 time

272 2562 313 2597 of
338 2562 401 2597 the
434 2562 639 2609 equinoxes
671 2561 711 2596 in
740 2560 873 2596 March
903 2560 978 2595 and
998 2559 1224 2605 September,
1257 2555 1420 2592 coincide
1451 2555 1546 2591 with
1578 2565 1645 2589 our
1672 2553 1758 2588 nine

272 2624 409 2660 o'cloek
425 2639 433 2670 ς
463 2627 531 2662 but
551 2630 591 2662 at
609 2626 661 2662 all
679 2625 785 2662 other
812 2625 921 2662 times
939 2623 980 2660 of
994 2624 1058 2659 the
1075 2633 1167 2670 year
1184 2622 1215 2658 it
1233 2620 1311 2657 will
1342 2621 1388 2656 be
1406 2630 1428 2655 a
1445 2617 1544 2656 little
1575 2616 1754 2653 different.

273 2686 381 2722 -Μ,

325 2749 339 2771 ²
367 2750 578 2801 Ostentat.]
612 2751 684 2788 Pro
703 2750 832 2787 offerre
851 2749 1176 2798 saepissime.—M.
