1889 3191
287 233 361 270 188
664 232 940 274 SALLUSTII
964 234 1372 275 JUGURTHINUM.

349 350 551 403 XXXV.
587 350 657 399 Εὲι
688 358 786 400 erat
818 358 1095 416 tempestate
1119 354 1285 402 Romae
1307 353 1516 402 Numida
1548 353 1753 417 quidam,

281 437 469 486 nomine
493 437 715 495 Massiva,
742 439 961 487 Gulussae
984 439 1120 495 filius,
1147 440 1414 488 Masinissae
1446 456 1618 503 nepos:
1656 440 1751 504 qui,

280 524 403 587 quia,
429 523 480 570 in
502 523 788 572 dissensione
813 524 1010 587 Regum,
1039 525 1290 587 Jugurthae
1323 526 1545 573 advorsus
1567 525 1750 581 fuerat3

281 609 438 657 dedita
462 609 605 665 Cirta,
633 615 679 656 et
702 609 967 656 Adherbale
981 610 1240 666 interfect0‚
1262 612 1490 675 profugus
1514 629 1571 659 ex
1593 612 1753 659 Africa

278 695 467 742 abierat.
538 694 666 741 Huic
689 694 771 758 Sp.
795 695 1010 752 Albinus,
1033 696 1112 759 qui
1133 713 1360 759 proxumo
1377 714 1498 745 anno
1514 708 1623 761 post
1640 698 1753 746 Bes-

277 780 392 826 tiam
415 796 521 827 cum
545 780 604 835 Q.
631 779 844 828 Minucio
868 781 993 828 Rufo
1016 781 1309 829 consulatum
1339 783 1542 845 gerebat,
1566 800 1752 847 persua-

278 866 371 922 det,
410 865 629 929 quoniam
669 881 725 913 ex
761 866 905 929 stirpe
949 867 1218 915 Masinissae
1255 867 1331 924 sit,
1369 869 1402 916 J
1405 868 1657 932 ugurtham
1693 870 1752 916 ob

277 953 449 1001 scelera
470 952 646 1000 invidia
668 969 773 1000 cum
797 952 943 1000 metu¹
961 960 1158 1017 urgueat
1177 974 1189 1009 ;
1215 969 1411 1017 regnum
1436 953 1677 1001 Numidiae
1695 954 1751 1001 ab

275 1046 441 1087 senatu
484 1034 629 1102 petat.
699 1038 880 1086 Avidus
928 1039 1105 1087 Consul
1148 1039 1258 1087 belli
1301 1039 1511 1103 gerundi,
1551 1056 1748 1096 movere,

274 1128 413 1189 quam
437 1141 673 1172 senescere
696 1125 853 1172 omnia
874 1125 1092 1173 malebat.
1117 1125 1209 1189 ipsi
1230 1126 1467 1188 provincia
1490 1126 1716 1174 Numidia
1736 1147 1748 1182 ;

275 1211 485 1259 Minucio
510 1210 788 1258 Macedonia
811 1217 1037 1258 evenerat.
1107 1211 1225 1267 Quae
1259 1218 1506 1275 postquam
1544 1212 1751 1259 Massiva

273 1298 448 1361 agitare
471 1297 625 1360 coepit,
665 1313 814 1360 neque
837 1296 1088 1360 Jugurthae
1127 1296 1177 1343 in
1200 1297 1360 1344 amicis
1392 1297 1505 1344 satis
1543 1298 1751 1361 praesidii

273 1390 346 1430 est
365 1401 376 1429 :
413 1382 537 1446 quod
560 1398 720 1429 eorum
743 1382 884 1428 alium
909 1382 1030 1429 mala
1051 1382 1175 1428 fama
1209 1389 1255 1428 et
1277 1382 1417 1429 timor
1436 1383 1745 1445 impediebat:

274 1467 537 1523 Bomilcari,
558 1483 786 1530 proxumo
809 1483 861 1513 ac
884 1467 1100 1514 maxume
1119 1465 1234 1514 fido2
1250 1467 1351 1523 sibi,
1368 1468 1577 1530 imperat,
1604 1474 1634 1494 “
1648 1485 1748 1532 pre-

270 1556 350 1611 tio,
380 1554 516 1602 sicuti
539 1553 688 1600 multa
717 1553 990 1610 confecerat,
1027 1552 1321 1600 insidiatores
1357 1554 1578 1602 Massivae
1600 1561 1745 1617 paret,

271 1657 324 1689 ac
346 1640 560 1688 maxume
583 1640 759 1687 occulte
777 1638 811 1685 :³
836 1640 908 1686 sin
932 1639 980 1685 id
995 1642 1160 1702 parum
1176 1639 1411 1703 procedat,
1431 1640 1592 1703 quovis
1609 1641 1747 1688 modo

269 1804 446 1842 passages
466 1793 485 1829 I
503 1794 601 1829 have
619 1792 726 1829 cited.
784 1792 918 1839 Dictys
939 1791 1125 1829 Cretensis
1146 1790 1190 1841 (a
1207 1796 1314 1840 great
1331 1792 1498 1829 imitator
1515 1792 1557 1829 of
1571 1791 1744 1842 Sallust),

269 1862 335 1898 lib.
357 1862 390 1905 1,
412 1871 442 1896 c.
466 1860 500 1905 3,
524 1858 629 1896 Sicut
646 1858 687 1893 in
706 1856 773 1893 tali
791 1868 830 1893 re
856 1856 935 1893 fieri
955 1861 1061 1892 amat
1075 1869 1091 1898 ;
1112 1857 1197 1894 that
1222 1857 1255 1893 is
1280 1857 1385 1894 solet.
1445 1856 1579 1893 Where
1606 1857 1747 1895 Paulus

271 1924 509 1973 Vindingius,
529 1924 569 1959 in
600 1923 660 1959 his
686 1927 802 1968 notes,
837 1922 928 1958 cites
961 1921 1103 1959 Sallust
1121 1923 1396 1968 here—where,
1417 1934 1459 1959 as
1491 1922 1511 1958 I
1529 1923 1627 1959 have
1654 1923 1744 1968 said,

270 1992 374 2028 there
391 1990 424 2026 is
441 2001 491 2026 no
511 1988 689 2026 Grecism.
747 1987 766 2023 I
785 1989 881 2024 have
900 1987 1110 2024 sometimes
1138 1987 1328 2036 imagined
1346 1988 1430 2024 that
1449 1987 1553 2024 these
1571 1988 1692 2025 words
1710 1989 1753 2025 of

269 2056 516 2104 Thucydides,
540 2053 624 2107 ὅπερ
645 2056 748 2103 φιλεῖ
761 2050 867 2101 δῆμος
891 2055 1008 2098 ποιεῖν,
1031 2053 1094 2091 lib.
1119 2054 1153 2100 8,
1178 2055 1211 2099 1,
1232 2053 1329 2089 from
1347 2053 1470 2089 which
1488 2053 1553 2089 the
1570 2053 1692 2090 words
1709 2053 1752 2090 of

270 2122 434 2169 Crispus,
456 2121 586 2169 vulqus
606 2126 711 2156 amat
719 2121 824 2168 fieri,
847 2131 908 2156 are
934 2120 1059 2165 taken,
1079 2119 1204 2166 might
1229 2119 1328 2154 have
1354 2118 1413 2154 led
1434 2118 1641 2162 Quintilian
1667 2118 1746 2155 into

268 2197 367 2222 error
382 2200 390 2231 ;
411 2185 485 2221 and
502 2185 586 2220 that
605 2185 651 2221 he
669 2185 793 2232 might
809 2184 907 2220 have
926 2183 1062 2231 quoted
1079 2182 1175 2218 from
1194 2193 1372 2229 memory,
1393 2182 1555 2218 without
1571 2181 1744 2218 examin-

268 2251 335 2298 ing
362 2250 424 2286 the
443 2249 591 2284 Roman
608 2248 789 2285 histor-ian
804 2261 813 2293 3
841 2248 912 2284 but
930 2246 971 2283 of
984 2246 1059 2283 this
1073 2245 1243 2294 judicent
1261 2243 1505 2282 eruditi—C.

325 2313 493 2350 XXXV.
527 2310 538 2333 ¹
567 2313 623 2349 Ob
642 2313 784 2348 scelera
802 2312 950 2348 invidia
979 2323 1062 2346 cum
1089 2307 1222 2359 metu.]
1244 2309 1280 2345 Ιι.
1302 2323 1331 2345 e.
1353 2314 1389 2346 et
1407 2309 1583 2356 quoniam
1601 2309 1744 2357 Jugur-

269 2383 373 2418 tham
388 2385 425 2418 et
442 2380 585 2417 invidia
603 2384 639 2416 et
657 2383 779 2416 metus
796 2383 928 2427 urgeat
943 2392 952 2424 3
982 2378 1073 2414 dum
1090 2388 1166 2412 non
1183 2372 1295 2413 modo
1323 2375 1468 2412 invisus
1485 2376 1534 2413 sit
1553 2376 1741 2422 Romanis,

269 2449 333 2484 sed
350 2447 427 2494 ipse
445 2446 558 2483 etiam
576 2443 828 2482 timeat—M.

321 2512 336 2533 ²
355 2513 549 2549 Proxumo
569 2524 616 2547 ac
636 2507 812 2546 mazume*
822 2506 944 2558 fida]
977 2506 1162 2544 Proxumi
1189 2509 1277 2542 sunt
1295 2505 1429 2551 intimi,
1459 2507 1559 2553 quod
1576 2507 1622 2542 de
1643 2506 1741 2553 regi-

270 2580 337 2614 bus
355 2582 393 2614 et
410 2576 637 2624 principibus
654 2574 870 2621 frequentur
888 2572 1032 2608 dicitur.
1077 2570 1138 2609 Sic
1156 2570 1332 2617 proxumi
1351 2569 1738 2606 amicorum—Tacit.

268 2643 318 2678 vi.
339 2642 438 2678 Ann.
459 2653 538 2688 cap.
569 2641 633 2677 26.
688 2639 836 2675 Dicitur
862 2638 975 2674 etiam
993 2637 1039 2673 de
1066 2635 1247 2684 sanguine
1265 2634 1485 2683 conjunctis,
1508 2637 1553 2670 ut
1569 2633 1667 2681 apud
1697 2633 1737 2671 C.

268 2707 361 2754 Nep.
383 2705 526 2754 Agesil.
545 2716 624 2751 cap.
650 2706 683 2750 1,
705 2703 779 2748 Qui
798 2702 993 2750 proximus
1012 2705 1107 2738 esset
1132 2698 1529 2748 propinquitate—M.

320 2770 335 2793 ³
364 2772 422 2806 Ac
458 2765 634 2805 maxume}
671 2765 847 2816 occulte]
888 2766 1025 2804 Noster
1056 2765 1209 2803 insidias
1245 2768 1284 2802 et
1317 2764 1547 2801 insidiatores
1569 2774 1653 2800 cum
1686 2764 1739 2799 ef-
