1889 3191
245 221 266 258 2
272 222 293 258 8
299 222 321 258 6
628 222 903 262 SALLUSTII
931 224 957 261 J
960 224 1289 263 UGURTHINU
1293 224 1349 262 M.

241 345 376 383 tuum
400 337 618 395 reddere;
644 339 745 403 ipse
768 341 826 387 ab
849 341 977 387 nullo
992 348 1227 404 repetere3
1255 342 1403 403 magis
1426 339 1476 387 id
1496 340 1718 394 laborare,

241 427 294 468 ut
315 421 385 469 illi
406 426 544 486 quam
571 424 762 486 plurimi
787 425 1009 472 deberent
1035 445 1045 472 ε
1070 426 1177 488 joca
1199 433 1338 489 atque
1363 425 1481 472 seria
1503 440 1610 472 cum
1633 424 1722 470 hu-

242 507 465 555 millumis
489 525 622 572 agere
641 528 649 555 :
687 509 738 554 in
761 511 992 571 operibus,
1018 511 1069 556 in
1091 511 1277 573 agmine
1301 518 1439 574 atque
1463 511 1522 557 ad
1545 509 1725 573 vigilias

242 592 418 639 multus
442 592 602 639 adesse
619 591 650 639 :¹
673 609 823 656 neque
845 595 1046 651 interIm,
1063 595 1189 659 quod
1211 612 1354 658 prava
1373 598 1566 644 ambitio
1590 598 1721 653 solet,

245 677 477 732 Consulis,
520 684 601 723 aut
631 678 905 742 cujusquam
939 680 1050 727 boni
1081 680 1255 728 famam
1287 680 1485 728 laedere:
1521 689 1726 728 tantum-

242 761 382 807 modo
415 777 564 824 neque
598 763 805 819 consilio,
829 779 978 826 neque
1011 781 1155 812 manu
1186 765 1388 827 priorem
1423 764 1565 811 alium
1588 766 1720 827 pati;

243 846 488 909 plerosque
522 847 803 895 antevenire.
874 849 992 904 Quis
1026 850 1177 904 rebus,
1216 848 1341 896 brevi
1383 848 1538 895 Mario
1571 849 1729 895 militi-

245 931 424 994 busque
447 932 730 979 carissumus
752 933 921 980 factus.

313 1016 519 1063 XCVII.
556 1017 622 1063 At
659 1018 910 1081 Jugurtha,
950 1026 1201 1083 postquam
1238 1021 1465 1083 oppidum
1508 1021 1725 1083 Capsam,

249 1101 454 1165 aliosque
475 1102 601 1149 locos
635 1103 857 1159 munitos,
887 1111 932 1152 et
957 1105 1046 1151 sibi
1078 1105 1207 1151 utilis
1243 1105 1395 1162 simul,
1434 1114 1480 1154 et
1513 1122 1732 1169 magnam

248 1185 494 1247 pecuniam
518 1186 749 1242 amiserat,
777 1186 836 1232 ad
860 1187 1100 1233 Bocchum
1135 1187 1329 1234 nuncios
1352 1187 1513 1242 mittit,
1546 1193 1578 1213 “
1593 1186 1733 1249 quam

249 1270 454 1331 primum
475 1270 525 1316 in
549 1270 825 1317 Numidiam
848 1271 1004 1333 copias
1029 1271 1278 1319 adduceret
1300 1292 1312 1326 3
1354 1272 1505 1334 praelii
1526 1270 1734 1318 faciundi

250 1361 437 1417 tempus
461 1355 674 1401 adesse.'’
745 1355 897 1409 Quem
920 1356 1001 1402 ubi
1024 1357 1231 1402 cunctari
1253 1357 1444 1419 accepit,
1470 1364 1517 1403 et
1539 1356 1734 1403 dubium

250 1438 360 1485 belli
405 1445 543 1501 atque
589 1438 718 1501 pacis
758 1439 960 1486 rationes
1000 1439 1184 1487 trahere
1202 1461 1214 1496 ;
1252 1440 1431 1496 rursuS,
1479 1441 1548 1487 uti
1582 1441 1731 1496 antea,

250 1539 504 1586 proxumos
529 1523 663 1571 donis
687 1525 957 1588 corrumpit,
976 1525 1159 1589 ipsique
1176 1525 1346 1572 Mauro
1369 1526 1614 1588 pollicetur
1636 1527 1737 1573 Nu-

251 1609 409 1655 midiae
432 1616 613 1672 partem
638 1610 839 1665 tertiam,
868 1610 907 1656 si
929 1616 1009 1656 aut
1026 1610 1227 1656 Romani
1242 1610 1400 1657 Africa
1415 1611 1610 1674 expulsi,
1637 1618 1732 1667 aut,

251 1694 446 1755 integris
471 1695 567 1740 suis
590 1694 775 1750 finibus,
794 1694 968 1741 bellum
987 1695 1297 1757 compositum
1320 1695 1456 1742 foret.
1525 1696 1596 1742 Eo
1612 1712 1735 1758 prae-

254 1779 348 1824 mio
369 1778 551 1825 illectus
571 1779 802 1835 Bocchus,
821 1796 928 1827 cum
944 1783 1112 1843 magna
1128 1780 1430 1827 multitudine
1450 1781 1481 1829 J
1485 1781 1737 1843 ugurtham

254 1863 446 1911 accedit.
519 1865 594 1910 Ita
617 1865 859 1912 amborum
894 1866 1098 1913 exercitu
1122 1865 1383 1928 conjuncto,
1413 1866 1620 1912 Marium
1638 1867 1738 1929 jam

256 1951 305 1996 in
350 1950 545 1997 hiberna
589 1951 975 2013 proficiscentem,
1025 1951 1102 1998 vix
1136 1950 1317 1998 decima
1360 1958 1493 2014 parte
1529 1951 1603 1998 die
1637 1951 1740 1998 reli-

259 2035 383 2098 qua,1
417 2035 670 2082 invadunt:
710 2038 799 2083 rati
832 2044 1018 2084 noctem
1042 2053 1147 2099 quae
1175 2037 1275 2099 jam
1310 2037 1483 2092 aderat,
1527 2044 1573 2084 et
1605 2036 1740 2083 victis

257 2121 345 2168 sibi
390 2121 682 2168 munimento
726 2121 824 2168 fore
845 2142 857 2176 ;
911 2129 970 2177 et,
1021 2122 1060 2167 si
1085 2122 1315 2176 vicissent,
1366 2121 1494 2167 nullo
1545 2121 1740 2183 impedi-

310 2288 453 2327 XCVI.
485 2286 496 2308 ¹
521 2288 670 2323 Multus
690 2284 855 2335 adessa]
887 2286 954 2324 See
975 2287 1155 2323 Vecbner.
1179 2285 1414 2329 Hellenolex,
1445 2296 1505 2332 pp.
1538 2286 1625 2329 263,
1649 2286 1738 2321 264.

258 2355 324 2392 See
347 2356 473 2400 above,
494 2364 575 2400 cap.
597 2354 658 2398 84,
680 2352 826 2388 Multus
845 2356 958 2399 atque
976 2352 1084 2388 ferox
1102 2350 1352 2388 instare—C.

311 2420 476 2457 XCVII.
507 2416 519 2439 ¹
553 2418 625 2454 Vix
645 2417 789 2453 decima
804 2422 920 2464 parte
939 2417 999 2452 die
1018 2413 1185 2464 reliqua]
1208 2415 1232 2450 i.
1255 2428 1284 2450 e.
1305 2415 1511 2450 somewhat
1528 2425 1630 2450 more
1650 2414 1743 2449 than

258 2499 307 2523 an
325 2487 419 2523 hour
437 2485 559 2522 before
579 2487 737 2520 sun-set.
796 2482 866 2517 Die
895 2481 981 2517 here
1009 2492 1099 2528 may
1117 2480 1236 2516 either
1254 2480 1299 2516 be
1326 2480 1389 2515 the
1417 2478 1480 2515 old
1497 2479 1662 2527 genitive
1688 2479 1745 2515 for

259 2550 339 2594 diei,
362 2560 402 2585 as
421 2549 460 2584 in
479 2559 558 2594 cap.
581 2548 629 2582 22
647 2546 721 2582 and
741 2546 802 2590 52,
823 2556 874 2589 or,
897 2555 937 2580 as
958 2544 1106 2582 Cortius
1133 2543 1259 2579 rather
1290 2542 1431 2587 thinks,
1460 2542 1526 2578 the
1553 2541 1740 2578 ablative:

259 2614 333 2649 and
351 2613 442 2649 then
461 2612 525 2648 the
555 2614 726 2646 sentence
754 2609 786 2645 is
818 2613 857 2645 to
876 2609 921 2644 be
939 2608 1029 2644 thus
1059 2606 1236 2652 resolved,
1258 2606 1329 2642 Die
1348 2602 1501 2653 reliqua,
1523 2606 1547 2641 i.
1565 2619 1594 2641 e.
1615 2603 1745 2642 relicta

259 2676 331 2711 vix
348 2686 412 2721 per
431 2685 495 2710 seu
514 2670 617 2720 quod
635 2673 683 2709 ad
701 2672 884 2708 decimam
902 2676 1059 2718 partem.
1116 2670 1220 2706 Thus
1249 2670 1330 2706 Liv.
1361 2670 1423 2715 29,
1445 2679 1525 2715 cap.
1549 2670 1582 2714 7,
1606 2667 1745 2706 Classis

261 2739 432 2776 Romana
452 2748 474 2774 a
492 2734 668 2773 Messana
687 2736 822 2772 Locros
842 2734 983 2782 aliquot
1002 2734 1101 2771 horis
1120 2733 1178 2771 die
1197 2736 1394 2781 superante
1413 2730 1688 2769 accessit—M.
