1889 3191
255 204 331 240 226
635 203 912 244 SALLUSTII
938 205 963 243 J
968 205 1350 244 UGURTHINUM.

254 319 472 366 omnibus
495 319 638 366 locis:
665 321 844 368 avidius
879 322 1014 368 alteri
1048 323 1218 369 alteros
1254 322 1472 377 sauciare,
1502 322 1640 383 quam
1665 335 1735 366 se-

253 409 351 450 met
374 409 558 466 tegere:
596 404 768 451 clamor
801 406 1061 468 permixtus
1101 406 1382 462 hortatione,
1430 404 1611 461 laetitifi,
1660 420 1738 467 ge-

255 488 390 544 mitu,
438 489 552 535 item
599 489 822 551 strepitus
868 505 1103 536 armorum
1149 489 1209 536 ad
1242 490 1411 536 coelum
1456 490 1603 544 ferri3
1645 489 1740 536 tela

251 574 486 636 utrimque
509 572 679 618 volare.
752 572 844 619 Sed
877 573 960 628 illi,
989 573 1069 636 qui
1102 574 1278 620 moenia
1311 574 1630 629 defensabant,
1657 574 1739 620 ubi

250 654 412 700 hostes
435 653 695 715 paullulum
720 653 859 699 modo
882 670 1090 715 pugnam
1113 654 1402 710 remiserant,
1429 656 1599 702 intenti
1617 671 1738 718 prae·

247 738 364 783 lium
389 743 602 799 equestre
625 738 1005 800 prospectabant.
1033 753 1128 793 eos,
1155 739 1226 784 uti
1261 755 1458 801 quaeque
1482 740 1738 801 Jugurthae

251 837 324 868 res
361 828 507 876 erant,
534 821 670 868 laetos
709 821 863 878 modo,
903 822 1042 869 modo
1079 822 1273 885 pavidos
1311 823 1738 870 animadvorteres:

253 921 319 961 ac,
349 905 486 952 sicuti
523 906 673 952 audiri
712 922 739 952 a
777 906 889 962 suis,
916 914 996 953 aut
1037 906 1162 953 cerni
1198 914 1405 969 possent,
1432 924 1621 956 monere
1645 908 1738 964 alii,

254 990 333 1038 alii
354 991 544 1047 hortari,
571 998 652 1038 aut
674 1007 819 1038 manu
853 992 1126 1054 significare,
1154 999 1235 1038 aut
1258 993 1347 1039 niti
1381 993 1670 1056 corporibus,
1696 1001 1742 1040 et

253 1072 360 1126 huc,
385 1071 511 1127 illuc,
555 1072 688 1135 quasi
723 1072 979 1127 vitabundi,
1024 1079 1105 1119 aut
1135 1073 1362 1135 jacientes
1403 1074 1509 1130 tela,
1547 1074 1739 1137 agitare.

255 1157 395 1211 Quod
417 1157 500 1203 ubi
524 1157 679 1204 Mario
703 1158 944 1220 cognitum
968 1164 1038 1204 est
1065 1158 1195 1221 (nam
1219 1159 1259 1204 is
1282 1159 1332 1204 in
1367 1161 1419 1205 ea
1441 1165 1573 1221 parte
1614 1176 1743 1207 cura-

254 1241 373 1302 bat),
401 1242 612 1289 consulto
635 1242 786 1289 lenius
811 1259 959 1305 agere,
985 1259 1038 1289 ac
1073 1243 1381 1289 diffidentiam
1406 1244 1472 1290 rei
1496 1244 1740 1292 simulare:

254 1327 353 1388 pati
377 1327 610 1372 Numidas
637 1327 736 1372 sine
771 1327 980 1373 tumultu
1004 1328 1147 1389 Regis
1181 1327 1398 1389 praelium
1432 1328 1595 1375 visere.
1668 1330 1745 1375 Ita

254 1412 345 1457 illis
371 1411 527 1458 studio
553 1427 743 1457 suorum
779 1411 1030 1466 adstrictis,
1069 1415 1262 1474 repente
1297 1414 1466 1475 magna
1487 1412 1533 1458 vi
1556 1429 1744 1460 murum

256 1496 555 1559 adgreditur:
583 1503 630 1542 et
646 1496 746 1559 jam
772 1496 907 1542 scalis
926 1496 1100 1558 egressi
1124 1497 1296 1544 milites
1310 1500 1454 1560 prope
1473 1514 1657 1545 summa
1673 1515 1744 1545 ce-

254 1590 434 1646 perant,
479 1585 585 1634 cum
620 1581 844 1644 oppidani
878 1588 1177 1638 concurrunt,
1214 1581 1407 1649 lapides,
1443 1582 1616 1651 ignem,
1655 1583 1745 1630 alia

256 1759 321 1794 the
338 1758 413 1794 last
431 1761 538 1806 great
556 1768 646 1793 man
665 1758 766 1805 only.
806 1758 913 1806 They
932 1769 994 1794 are
1012 1758 1050 1794 in
1070 1758 1135 1794 the
1153 1757 1280 1795 fourth
1298 1757 1397 1795 book
1415 1757 1456 1793 of
1469 1757 1529 1794 his
1549 1757 1745 1796 observat.

257 1835 287 1858 c.
313 1824 372 1869 19,
393 1835 431 1870 p.
466 1823 554 1868 304,
577 1822 623 1858 In
655 1823 782 1858 eadem
811 1834 901 1859 voce
924 1821 1022 1872 (scil.
1050 1820 1288 1872 oppugnare)
1320 1826 1516 1870 corruptus
1548 1822 1749 1860 Sallustius

258 1885 348 1933 Jug.
370 1897 400 1921 e.
424 1886 484 1931 60,
507 1885 724 1932 Pariterque
743 1886 920 1932 oppidani
948 1897 1069 1933 agere,
1092 1897 1315 1934 oppuynare
1333 1889 1400 1922 aut
1426 1896 1557 1933 parare
1577 1885 1749 1922 omnibus

260 1948 361 1984 locis.
422 1948 572 1995 Repone
590 1948 652 1984 vel
670 1949 883 1985 nolentibus
901 1949 1073 1985 omnibus
1092 1949 1217 1994 libris3
1240 1960 1501 1997 propugnare,
1521 1953 1565 1985 ut
1583 1952 1621 1985 et
1640 1948 1748 1986 Ciac-

257 2011 359 2047 conis
378 2015 416 2047 et
436 2011 566 2048 Colero
593 2012 729 2048 visum.
787 2011 988 2048 Intercedit
1008 2011 1200 2057 Gruterus,
1233 2016 1270 2048 et
1300 2024 1430 2049 vocem
1461 2023 1682 2060 oppuynare
1709 2012 1750 2047 in

258 2074 414 2110 dubium
433 2075 559 2110 vocari
577 2079 692 2121 vetat,
723 2075 982 2122 promittitque
1009 2075 1054 2110 de
1072 2085 1117 2110 ea
1143 2075 1183 2110 in
1203 2074 1492 2122 Suspicionibus.
1563 2074 1750 2122 Quicquid

257 2139 350 2175 illud
368 2138 489 2183 fuerit,
525 2143 670 2174 certum
703 2143 759 2175 est
791 2143 828 2175 et
846 2138 1061 2186 suspicione
1080 2138 1239 2174 liberum
1257 2139 1424 2175 obsessos
1453 2149 1648 2186 nunquam
1675 2138 1747 2174 dici

258 2204 476 2251 simpliciter
496 2216 729 2251 oppugnare,
752 2205 815 2241 sed
837 2217 1088 2252 propugnare
1106 2218 1121 2247 ;
1152 2206 1469 2252 quemadmodum
1495 2206 1661 2242 vicissim
1681 2207 1747 2242 ob-

258 2271 422 2306 sidentes
452 2281 646 2317 nunquam
674 2281 934 2318 propuynare,
956 2271 1019 2306 sed
1038 2282 1272 2318 oppuynare.
1330 2271 1400 2307 Est
1430 2271 1495 2308 ubi
1522 2271 1749 2308 contrariam

259 2337 418 2382 speciem
437 2335 600 2371 induunt
618 2340 777 2382 utraque
795 2347 892 2382 pars,
914 2333 1002 2371 cum
1015 2346 1158 2382 nempe,
1175 2334 1276 2371 facta
1287 2336 1488 2382 eruptione,
1504 2336 1649 2373 vallum
1667 2346 1750 2372 cas-

260 2407 402 2436 trorum
422 2400 600 2436 adsiliunt
619 2400 781 2442 obsessi3
811 2404 902 2436 tunc
921 2410 1009 2436 sane
1028 2402 1065 2435 et
1083 2399 1123 2434 hi
1142 2404 1369 2446 oppuynant
1385 2403 1509 2436 castra
1526 2399 1694 2437 hostium
1711 2403 1750 2436 et

258 2467 312 2502 illi
332 2468 461 2503 eadem
479 2470 602 2502 castra
615 2470 879 2513 propuynant.
920 2465 992 2502 Sed
1010 2475 1086 2500 non
1103 2465 1174 2500 hoc
1193 2464 1320 2511 agitur
1338 2465 1440 2510 apud
1458 2464 1636 2501 Zamam:
1658 2475 1748 2501 nam

260 2530 421 2566 Romani
439 2529 594 2577 profecti
613 2541 632 2566 e
651 2530 729 2566 suis
748 2529 879 2566 castris
907 2529 1085 2576 oppidum
1113 2528 1395 2576 aggrediuntur,
1416 2528 1593 2565 Numidae
1610 2528 1750 2565 moenia

259 2595 462 2631 defensant.
520 2593 721 2631 Sallustius
739 2597 911 2630 accurate
937 2592 1116 2638 edisserit,
1146 2591 1237 2640 quid
1263 2592 1408 2639 egerint
1433 2597 1716 2640 oppuqnatores
1732 2605 1746 2627 .-

259 2657 324 2694 ubi
341 2657 498 2704 quisque
515 2656 662 2703 legatus
681 2660 748 2693 aut
764 2656 939 2693 tribunus
966 2656 1132 2700 curabat,
1153 2666 1194 2691 eo
1213 2655 1388 2692 acerrime
1415 2655 1494 2701 niti,
1514 2666 1634 2703 neque
1652 2655 1748 2692 alius

258 2722 297 2757 in
317 2721 388 2759 alio
406 2721 527 2770 magis
545 2720 663 2768 quam
680 2722 721 2758 in
738 2733 777 2758 se
795 2732 900 2768 spem
917 2722 1074 2767 habere3
1104 2720 1236 2758 deinde
1254 2720 1346 2768 quid
1363 2720 1592 2767 defensores3
1612 2731 1746 2768 nempe
