<?xml version="1.0" encoding="UTF-8"?>
<!DOCTYPE html PUBLIC "-//W3C//DTD XHTML 1.0 Transitional//EN"
    "http://www.w3.org/TR/xhtml1/DTD/xhtml1-transitional.dtd">
<html xmlns="http://www.w3.org/1999/xhtml" xml:lang="en" lang="en">
 <head>
  <title>
</title>
<meta http-equiv="Content-Type" content="text/html;charset=utf-8" />
  <meta name='ocr-system' content='tesseract 3.04.00' />
  <meta name='ocr-capabilities' content='ocr_page ocr_carea ocr_par ocr_line ocrx_word'/>
</head>
<body>
  <div class='ocr_page' id='page_1' title='image "./sallusts00salluoft_0153.png"; bbox 0 0 1889 3191; ppageno 0'>
   <div class='ocr_carea' id='block_1_1' title="bbox 534 230 1630 269">
    <p class='ocr_par' dir='ltr' id='par_1_1' title="bbox 534 230 1630 269">
     <span class='ocr_line' id='line_1_1' title="bbox 534 230 1630 269; baseline -0.003 0"><span class='ocrx_word' id='word_1_1' title='bbox 534 231 812 269; x_wconf 78' lang='lat' dir='ltr'>SALLL&#39;STII</span> <span class='ocrx_word' id='word_1_2' title='bbox 835 231 859 268; x_wconf 86' lang='lat' dir='ltr'>J</span> <span class='ocrx_word' id='word_1_3' title='bbox 863 230 1253 268; x_wconf 75' lang='lat' dir='ltr'>UGURTHINUM.</span> <span class='ocrx_word' id='word_1_4' title='bbox 1558 233 1575 266; x_wconf 92' lang='lat'>1</span> <span class='ocrx_word' id='word_1_5' title='bbox 1583 232 1630 266; x_wconf 76' lang='lat'>41</span> 
     </span>
    </p>
   </div>
   <div class='ocr_carea' id='block_1_2' title="bbox 128 346 1635 2211">
    <p class='ocr_par' dir='ltr' id='par_1_2' title="bbox 128 346 1635 2211">
     <span class='ocr_line' id='line_1_2' title="bbox 139 346 1635 410; baseline -0.001 -16"><span class='ocrx_word' id='word_1_6' title='bbox 139 357 292 395; x_wconf 87' lang='lat' dir='ltr'>terum</span> <span class='ocrx_word' id='word_1_7' title='bbox 316 347 436 395; x_wconf 91' lang='lat' dir='ltr'>bello</span> <span class='ocrx_word' id='word_1_8' title='bbox 470 347 700 395; x_wconf 89' lang='lat' dir='ltr'>meliores.</span> <span class='ocrx_word' id='word_1_9' title='bbox 769 347 922 410; x_wconf 85' lang='lat' dir='ltr'>Igitur</span> <span class='ocrx_word' id='word_1_10' title='bbox 946 346 1186 410; x_wconf 87' lang='lat' dir='ltr'>Jugurtha</span> <span class='ocrx_word' id='word_1_11' title='bbox 1219 347 1354 409; x_wconf 73' lang='lat' dir='ltr'>quam</span> <span class='ocrx_word' id='word_1_12' title='bbox 1392 362 1635 393; x_wconf 72' lang='lat' dir='ltr'>maxumas</span> 
     </span>
     <span class='ocr_line' id='line_1_3' title="bbox 138 431 1634 496; baseline -0.002 -16"><span class='ocrx_word' id='word_1_13' title='bbox 138 439 296 496; x_wconf 87' lang='lat' dir='ltr'>potest</span> <span class='ocrx_word' id='word_1_14' title='bbox 319 433 478 496; x_wconf 86' lang='lat' dir='ltr'>copias</span> <span class='ocrx_word' id='word_1_15' title='bbox 513 439 697 488; x_wconf 87' lang='lat' dir='ltr'>armat;</span> <span class='ocrx_word' id='word_1_16' title='bbox 741 432 871 479; x_wconf 90' lang='lat' dir='ltr'>urbis</span> <span class='ocrx_word' id='word_1_17' title='bbox 906 431 1079 495; x_wconf 80' lang='lat' dir='ltr'>partim</span> <span class='ocrx_word' id='word_1_18' title='bbox 1109 431 1168 487; x_wconf 81' lang='lat' dir='ltr'>vi,</span> <span class='ocrx_word' id='word_1_19' title='bbox 1212 431 1324 478; x_wconf 89' lang='lat' dir='ltr'>alias</span> <span class='ocrx_word' id='word_1_20' title='bbox 1360 431 1634 485; x_wconf 75' lang='lat' dir='ltr'>voluntate,¹</span> 
     </span>
     <span class='ocr_line' id='line_1_4' title="bbox 138 516 1630 581; baseline -0.001 -17"><span class='ocrx_word' id='word_1_21' title='bbox 138 517 335 580; x_wconf 88' lang='lat' dir='ltr'>imperio</span> <span class='ocrx_word' id='word_1_22' title='bbox 371 533 455 564; x_wconf 91' lang='lat' dir='ltr'>suo</span> <span class='ocrx_word' id='word_1_23' title='bbox 493 517 741 581; x_wconf 85' lang='lat' dir='ltr'>adjungit3</span> <span class='ocrx_word' id='word_1_24' title='bbox 781 518 910 564; x_wconf 91' lang='lat' dir='ltr'>omni</span> <span class='ocrx_word' id='word_1_25' title='bbox 949 516 1191 564; x_wconf 81' lang='lat' dir='ltr'>Numidiae</span> <span class='ocrx_word' id='word_1_26' title='bbox 1228 517 1458 580; x_wconf 81' lang='lat' dir='ltr'>imperare</span> <span class='ocrx_word' id='word_1_27' title='bbox 1481 526 1630 579; x_wconf 86' lang='lat' dir='ltr'>parat.</span> 
     </span>
     <span class='ocr_line' id='line_1_5' title="bbox 138 602 1634 666; baseline -0.001 -16"><span class='ocrx_word' id='word_1_28' title='bbox 138 603 396 659; x_wconf 85' lang='lat' dir='ltr'><strong>Adherbal,</strong></span> <span class='ocrx_word' id='word_1_29' title='bbox 427 610 588 651; x_wconf 89' lang='lat' dir='ltr'>tamen</span> <span class='ocrx_word' id='word_1_30' title='bbox 613 603 702 651; x_wconf 89' lang='lat' dir='ltr'>etsi</span> <span class='ocrx_word' id='word_1_31' title='bbox 727 603 929 651; x_wconf 87' lang='lat' dir='ltr'>Romam</span> <span class='ocrx_word' id='word_1_32' title='bbox 953 603 1131 666; x_wconf 88' lang='lat' dir='ltr'>legatos</span> <span class='ocrx_word' id='word_1_33' title='bbox 1167 603 1374 658; x_wconf 84' lang='lat' dir='ltr'><strong>miserat,</strong></span> <span class='ocrx_word' id='word_1_34' title='bbox 1401 602 1481 665; x_wconf 83' lang='lat' dir='ltr'>qui</span> <span class='ocrx_word' id='word_1_35' title='bbox 1506 618 1634 649; x_wconf 90' lang='lat' dir='ltr'>sena-</span> 
     </span>
     <span class='ocr_line' id='line_1_6' title="bbox 136 688 1629 745; baseline -0.001 -10"><span class='ocrx_word' id='word_1_36' title='bbox 136 698 240 736; x_wconf 90' lang='lat' dir='ltr'>tum</span> <span class='ocrx_word' id='word_1_37' title='bbox 274 688 496 738; x_wconf 85' lang='lat' dir='ltr'>docerent</span> <span class='ocrx_word' id='word_1_38' title='bbox 531 689 589 736; x_wconf 89' lang='lat' dir='ltr'>de</span> <span class='ocrx_word' id='word_1_39' title='bbox 624 689 750 736; x_wconf 83' lang='lat' dir='ltr'>caede</span> <span class='ocrx_word' id='word_1_40' title='bbox 774 689 947 745; x_wconf 82' lang='lat' dir='ltr'>fratris,</span> <span class='ocrx_word' id='word_1_41' title='bbox 986 696 1033 736; x_wconf 91' lang='lat' dir='ltr'>et</span> <span class='ocrx_word' id='word_1_42' title='bbox 1056 688 1258 736; x_wconf 84' lang='lat' dir='ltr'>fortunis</span> <span class='ocrx_word' id='word_1_43' title='bbox 1293 688 1390 736; x_wconf 88' lang='lat' dir='ltr'>suis</span> <span class='ocrx_word' id='word_1_44' title='bbox 1407 709 1419 744; x_wconf 89' lang='lat'>;</span> <span class='ocrx_word' id='word_1_45' title='bbox 1457 693 1629 742; x_wconf 90' lang='lat' dir='ltr'>tamen,</span> 
     </span>
     <span class='ocr_line' id='line_1_7' title="bbox 137 774 1631 838; baseline -0.001 -16"><span class='ocrx_word' id='word_1_46' title='bbox 137 775 285 822; x_wconf 86' lang='lat' dir='ltr'>fretus</span> <span class='ocrx_word' id='word_1_47' title='bbox 323 775 627 823; x_wconf 89' lang='lat' dir='ltr'>multitudine</span> <span class='ocrx_word' id='word_1_48' title='bbox 663 775 884 832; x_wconf 87' lang='lat' dir='ltr'>militum,</span> <span class='ocrx_word' id='word_1_49' title='bbox 922 775 1118 838; x_wconf 88' lang='lat' dir='ltr'>parabat</span> <span class='ocrx_word' id='word_1_50' title='bbox 1156 775 1298 822; x_wconf 90' lang='lat' dir='ltr'>armis</span> <span class='ocrx_word' id='word_1_51' title='bbox 1334 774 1631 822; x_wconf 83' lang='lat' dir='ltr'>contendere.</span> 
     </span>
     <span class='ocr_line' id='line_1_8' title="bbox 138 860 1633 923; baseline -0.001 -15"><span class='ocrx_word' id='word_1_52' title='bbox 138 860 231 908; x_wconf 88' lang='lat' dir='ltr'>Sed</span> <span class='ocrx_word' id='word_1_53' title='bbox 252 861 334 907; x_wconf 93' lang='lat' dir='ltr'>ubi</span> <span class='ocrx_word' id='word_1_54' title='bbox 358 877 432 908; x_wconf 91' lang='lat' dir='ltr'>res</span> <span class='ocrx_word' id='word_1_55' title='bbox 456 861 518 908; x_wconf 88' lang='lat' dir='ltr'>ad</span> <span class='ocrx_word' id='word_1_56' title='bbox 539 868 776 909; x_wconf 87' lang='lat' dir='ltr'>certamen</span> <span class='ocrx_word' id='word_1_57' title='bbox 799 861 941 918; x_wconf 79' lang='lat' dir='ltr'>venit,</span> <span class='ocrx_word' id='word_1_58' title='bbox 969 861 1134 918; x_wconf 79' lang='lat' dir='ltr'>victus,</span> <span class='ocrx_word' id='word_1_59' title='bbox 1163 877 1218 908; x_wconf 83' lang='lat' dir='ltr'>ex</span> <span class='ocrx_word' id='word_1_60' title='bbox 1242 861 1406 923; x_wconf 84' lang='lat' dir='ltr'>praelio</span> <span class='ocrx_word' id='word_1_61' title='bbox 1424 860 1633 923; x_wconf 85' lang='lat' dir='ltr'>profugit</span> 
     </span>
     <span class='ocr_line' id='line_1_9' title="bbox 134 945 1632 1008; baseline 0 -16"><span class='ocrx_word' id='word_1_62' title='bbox 134 946 180 992; x_wconf 91' lang='lat' dir='ltr'>in</span> <span class='ocrx_word' id='word_1_63' title='bbox 207 945 536 1008; x_wconf 77' lang='lat' dir='ltr'>provinciam,²</span> <span class='ocrx_word' id='word_1_64' title='bbox 561 962 613 993; x_wconf 88' lang='lat' dir='ltr'>ac</span> <span class='ocrx_word' id='word_1_65' title='bbox 639 946 807 994; x_wconf 86' lang='lat' dir='ltr'>deinde</span> <span class='ocrx_word' id='word_1_66' title='bbox 833 947 1034 993; x_wconf 87' lang='lat' dir='ltr'>Romam</span> <span class='ocrx_word' id='word_1_67' title='bbox 1069 946 1329 994; x_wconf 73' lang='lat' dir='ltr'>contendit.</span> <span class='ocrx_word' id='word_1_68' title='bbox 1399 946 1522 993; x_wconf 76' lang='lat' dir='ltr'>&#39;Tum</span> <span class='ocrx_word' id='word_1_69' title='bbox 1546 947 1579 994; x_wconf 85' lang='lat' dir='ltr'><strong>J</strong></span> <span class='ocrx_word' id='word_1_70' title='bbox 1582 963 1632 992; x_wconf 93' lang='lat' dir='ltr'>u-</span> 
     </span>
     <span class='ocr_line' id='line_1_10' title="bbox 133 1031 1634 1093; baseline 0.001 -16"><span class='ocrx_word' id='word_1_71' title='bbox 133 1031 320 1093; x_wconf 70' lang='lat' dir='ltr'>gurtha,</span> <span class='ocrx_word' id='word_1_72' title='bbox 348 1031 547 1093; x_wconf 89' lang='lat' dir='ltr'>patratis</span> <span class='ocrx_word' id='word_1_73' title='bbox 573 1032 793 1087; x_wconf 88' lang='lat' dir='ltr'>consiliis,</span> <span class='ocrx_word' id='word_1_74' title='bbox 822 1032 871 1078; x_wconf 92' lang='lat' dir='ltr'>in</span> <span class='ocrx_word' id='word_1_75' title='bbox 895 1032 990 1078; x_wconf 89' lang='lat' dir='ltr'>otio</span> <span class='ocrx_word' id='word_1_76' title='bbox 1025 1032 1206 1079; x_wconf 87' lang='lat' dir='ltr'>facinus</span> <span class='ocrx_word' id='word_1_77' title='bbox 1232 1048 1370 1079; x_wconf 89' lang='lat' dir='ltr'>suum</span> <span class='ocrx_word' id='word_1_78' title='bbox 1394 1048 1502 1080; x_wconf 89' lang='lat' dir='ltr'>cum</span> <span class='ocrx_word' id='word_1_79' title='bbox 1536 1032 1634 1079; x_wconf 91' lang='lat' dir='ltr'>ani—</span> 
     </span>
     <span class='ocr_line' id='line_1_11' title="bbox 132 1116 1632 1181; baseline 0.001 -19"><span class='ocrx_word' id='word_1_80' title='bbox 132 1133 211 1163; x_wconf 91' lang='lat' dir='ltr'>mo</span> <span class='ocrx_word' id='word_1_81' title='bbox 234 1123 472 1178; x_wconf 87' lang='lat' dir='ltr'>reputans,</span> <span class='ocrx_word' id='word_1_82' title='bbox 502 1116 667 1163; x_wconf 90' lang='lat' dir='ltr'>timere</span> <span class='ocrx_word' id='word_1_83' title='bbox 690 1117 919 1180; x_wconf 88' lang='lat' dir='ltr'>populum</span> <span class='ocrx_word' id='word_1_84' title='bbox 944 1117 1215 1164; x_wconf 73' lang='lat' dir='ltr'>Romanum</span> <span class='ocrx_word' id='word_1_85' title='bbox 1237 1136 1249 1172; x_wconf 90' lang='lat'>;</span> <span class='ocrx_word' id='word_1_86' title='bbox 1291 1133 1443 1181; x_wconf 88' lang='lat' dir='ltr'>neque</span> <span class='ocrx_word' id='word_1_87' title='bbox 1471 1116 1632 1164; x_wconf 76' lang='lat' dir='ltr'>advor-</span> 
     </span>
     <span class='ocr_line' id='line_1_12' title="bbox 135 1202 1633 1270; baseline 0.001 -21"><span class='ocrx_word' id='word_1_88' title='bbox 135 1219 214 1249; x_wconf 89' lang='lat' dir='ltr'>sus</span> <span class='ocrx_word' id='word_1_89' title='bbox 237 1203 356 1250; x_wconf 88' lang='lat' dir='ltr'>iram</span> <span class='ocrx_word' id='word_1_90' title='bbox 380 1205 482 1270; x_wconf 79' lang='lat' dir='ltr'>ejus</span> <span class='ocrx_word' id='word_1_91' title='bbox 516 1219 731 1266; x_wconf 88' lang='lat' dir='ltr'>usquam,</span> <span class='ocrx_word' id='word_1_92' title='bbox 759 1203 850 1250; x_wconf 85' lang='lat' dir='ltr'>nisi</span> <span class='ocrx_word' id='word_1_93' title='bbox 875 1203 926 1250; x_wconf 91' lang='lat' dir='ltr'>in</span> <span class='ocrx_word' id='word_1_94' title='bbox 960 1202 1153 1250; x_wconf 72' lang='lat' dir='ltr'>avaritia</span> <span class='ocrx_word' id='word_1_95' title='bbox 1188 1203 1448 1250; x_wconf 81' lang='lat' dir='ltr'>nobilitatis</span> <span class='ocrx_word' id='word_1_96' title='bbox 1473 1210 1519 1250; x_wconf 87' lang='lat' dir='ltr'>et</span> <span class='ocrx_word' id='word_1_97' title='bbox 1553 1219 1633 1266; x_wconf 89' lang='lat' dir='ltr'>pe-</span> 
     </span>
     <span class='ocr_line' id='line_1_13' title="bbox 134 1286 1631 1353; baseline -0.001 -17"><span class='ocrx_word' id='word_1_98' title='bbox 134 1286 271 1336; x_wconf 66' lang='lat' dir='ltr'>cunia</span> <span class='ocrx_word' id='word_1_99' title='bbox 308 1290 406 1345; x_wconf 71' lang='lat' dir='ltr'>sua,</span> <span class='ocrx_word' id='word_1_100' title='bbox 455 1305 589 1352; x_wconf 91' lang='lat' dir='ltr'>spem</span> <span class='ocrx_word' id='word_1_101' title='bbox 622 1289 810 1336; x_wconf 90' lang='lat' dir='ltr'>habere.</span> <span class='ocrx_word' id='word_1_102' title='bbox 887 1290 1066 1353; x_wconf 88' lang='lat' dir='ltr'>Itaque,</span> <span class='ocrx_word' id='word_1_103' title='bbox 1107 1290 1270 1352; x_wconf 89' lang='lat' dir='ltr'>paucis</span> <span class='ocrx_word' id='word_1_104' title='bbox 1306 1288 1485 1344; x_wconf 86' lang='lat' dir='ltr'>diebus,</span> <span class='ocrx_word' id='word_1_105' title='bbox 1525 1305 1631 1335; x_wconf 91' lang='lat' dir='ltr'>cum</span> 
     </span>
     <span class='ocr_line' id='line_1_14' title="bbox 133 1374 1633 1439; baseline -0.002 -16"><span class='ocrx_word' id='word_1_106' title='bbox 133 1391 246 1423; x_wconf 89' lang='lat' dir='ltr'>auro</span> <span class='ocrx_word' id='word_1_107' title='bbox 269 1381 316 1423; x_wconf 89' lang='lat' dir='ltr'>et</span> <span class='ocrx_word' id='word_1_108' title='bbox 340 1382 533 1439; x_wconf 87' lang='lat' dir='ltr'>argento</span> <span class='ocrx_word' id='word_1_109' title='bbox 557 1374 708 1423; x_wconf 89' lang='lat' dir='ltr'>multo</span> <span class='ocrx_word' id='word_1_110' title='bbox 733 1376 936 1423; x_wconf 88' lang='lat' dir='ltr'>Romam</span> <span class='ocrx_word' id='word_1_111' title='bbox 961 1376 1126 1432; x_wconf 86' lang='lat' dir='ltr'>mittit,</span> <span class='ocrx_word' id='word_1_112' title='bbox 1154 1375 1258 1439; x_wconf 76' lang='lat' dir='ltr'>quis</span> <span class='ocrx_word' id='word_1_113' title='bbox 1292 1374 1533 1439; x_wconf 75' lang='lat' dir='ltr'>praecepit,</span> <span class='ocrx_word' id='word_1_114' title='bbox 1562 1375 1633 1420; x_wconf 89' lang='lat' dir='ltr'>uti</span> 
     </span>
     <span class='ocr_line' id='line_1_15' title="bbox 132 1459 1630 1525; baseline -0.002 -15"><span class='ocrx_word' id='word_1_115' title='bbox 132 1462 341 1525; x_wconf 77' lang='lat' dir='ltr'>primum</span> <span class='ocrx_word' id='word_1_116' title='bbox 365 1470 544 1512; x_wconf 84' lang='lat' dir='ltr'>veteres</span> <span class='ocrx_word' id='word_1_117' title='bbox 569 1462 744 1509; x_wconf 89' lang='lat' dir='ltr'>amicos</span> <span class='ocrx_word' id='word_1_118' title='bbox 768 1461 1043 1510; x_wconf 89' lang='lat' dir='ltr'>muneribus</span> <span class='ocrx_word' id='word_1_119' title='bbox 1068 1461 1287 1525; x_wconf 85' lang='lat' dir='ltr'>expleant</span> <span class='ocrx_word' id='word_1_120' title='bbox 1306 1482 1319 1517; x_wconf 91' lang='lat'>;</span> <span class='ocrx_word' id='word_1_121' title='bbox 1358 1459 1526 1508; x_wconf 88' lang='lat' dir='ltr'>deinde</span> <span class='ocrx_word' id='word_1_122' title='bbox 1549 1476 1630 1507; x_wconf 86' lang='lat' dir='ltr'>no-</span> 
     </span>
     <span class='ocr_line' id='line_1_16' title="bbox 131 1544 1631 1610; baseline -0.001 -16"><span class='ocrx_word' id='word_1_123' title='bbox 131 1563 214 1595; x_wconf 84' lang='lat' dir='ltr'>vos</span> <span class='ocrx_word' id='word_1_124' title='bbox 238 1547 488 1610; x_wconf 85' lang='lat' dir='ltr'>adquirant</span> <span class='ocrx_word' id='word_1_125' title='bbox 511 1564 521 1594; x_wconf 86' lang='lat'>:</span> <span class='ocrx_word' id='word_1_126' title='bbox 563 1548 816 1609; x_wconf 76' lang='lat' dir='ltr'>postremo,</span> <span class='ocrx_word' id='word_1_127' title='bbox 845 1561 1153 1609; x_wconf 82' lang='lat' dir='ltr'>quaecumque</span> <span class='ocrx_word' id='word_1_128' title='bbox 1176 1545 1361 1609; x_wconf 83' lang='lat' dir='ltr'>possint</span> <span class='ocrx_word' id='word_1_129' title='bbox 1383 1544 1631 1608; x_wconf 81' lang='lat' dir='ltr'>largiundo</span> 
     </span>
     <span class='ocr_line' id='line_1_17' title="bbox 131 1629 1626 1695; baseline 0 -17"><span class='ocrx_word' id='word_1_130' title='bbox 131 1648 309 1695; x_wconf 86' lang='lat' dir='ltr'>parare,</span> <span class='ocrx_word' id='word_1_131' title='bbox 338 1648 397 1680; x_wconf 89' lang='lat' dir='ltr'>ne</span> <span class='ocrx_word' id='word_1_132' title='bbox 423 1638 721 1680; x_wconf 88' lang='lat' dir='ltr'>cunctentur.</span> <span class='ocrx_word' id='word_1_133' title='bbox 793 1630 886 1678; x_wconf 88' lang='lat' dir='ltr'>Sed</span> <span class='ocrx_word' id='word_1_134' title='bbox 919 1630 1001 1678; x_wconf 92' lang='lat' dir='ltr'>ubi</span> <span class='ocrx_word' id='word_1_135' title='bbox 1036 1631 1237 1678; x_wconf 87' lang='lat' dir='ltr'>Romam</span> <span class='ocrx_word' id='word_1_136' title='bbox 1270 1629 1413 1694; x_wconf 87' lang='lat' dir='ltr'>legati</span> <span class='ocrx_word' id='word_1_137' title='bbox 1446 1647 1626 1686; x_wconf 73' lang='lat' dir='ltr'>venere,</span> 
     </span>
     <span class='ocr_line' id='line_1_18' title="bbox 132 1716 1631 1782; baseline -0.001 -17"><span class='ocrx_word' id='word_1_138' title='bbox 132 1725 192 1773; x_wconf 89' lang='lat' dir='ltr'>et,</span> <span class='ocrx_word' id='word_1_139' title='bbox 219 1735 275 1765; x_wconf 85' lang='lat' dir='ltr'>ex</span> <span class='ocrx_word' id='word_1_140' title='bbox 309 1725 548 1782; x_wconf 88' lang='lat' dir='ltr'>praecepto</span> <span class='ocrx_word' id='word_1_141' title='bbox 587 1717 745 1781; x_wconf 85' lang='lat' dir='ltr'>Regis,</span> <span class='ocrx_word' id='word_1_142' title='bbox 790 1716 1060 1780; x_wconf 86' lang='lat' dir='ltr'>hospitibus</span> <span class='ocrx_word' id='word_1_143' title='bbox 1094 1716 1303 1780; x_wconf 88' lang='lat' dir='ltr'>aliisque,</span> <span class='ocrx_word' id='word_1_144' title='bbox 1342 1733 1541 1779; x_wconf 91' lang='lat' dir='ltr'>quorum</span> <span class='ocrx_word' id='word_1_145' title='bbox 1577 1718 1631 1763; x_wconf 67' lang='lat' dir='ltr'>ea</span> 
     </span>
     <span class='ocr_line' id='line_1_19' title="bbox 130 1802 1630 1867; baseline -0.001 -17"><span class='ocrx_word' id='word_1_146' title='bbox 130 1810 412 1867; x_wconf 88' lang='lat' dir='ltr'>tempestate</span> <span class='ocrx_word' id='word_1_147' title='bbox 435 1803 688 1851; x_wconf 88' lang='lat' dir='ltr'>auctoritas</span> <span class='ocrx_word' id='word_1_148' title='bbox 703 1802 924 1867; x_wconf 87' lang='lat' dir='ltr'>pollebat,</span> <span class='ocrx_word' id='word_1_149' title='bbox 952 1818 1123 1865; x_wconf 88' lang='lat' dir='ltr'>magna</span> <span class='ocrx_word' id='word_1_150' title='bbox 1138 1803 1334 1858; x_wconf 84' lang='lat' dir='ltr'>misere3</span> <span class='ocrx_word' id='word_1_151' title='bbox 1356 1809 1490 1849; x_wconf 85' lang='lat' dir='ltr'>tanta</span> <span class='ocrx_word' id='word_1_152' title='bbox 1504 1818 1630 1850; x_wconf 88' lang='lat' dir='ltr'>com·</span> 
     </span>
     <span class='ocr_line' id='line_1_20' title="bbox 131 1889 1630 1951; baseline -0.001 -14"><span class='ocrx_word' id='word_1_153' title='bbox 131 1890 333 1937; x_wconf 87' lang='lat' dir='ltr'>mutatio</span> <span class='ocrx_word' id='word_1_154' title='bbox 367 1890 573 1947; x_wconf 89' lang='lat' dir='ltr'>incessit,</span> <span class='ocrx_word' id='word_1_155' title='bbox 602 1890 675 1937; x_wconf 88' lang='lat' dir='ltr'>uti</span> <span class='ocrx_word' id='word_1_156' title='bbox 715 1906 771 1937; x_wconf 73' lang='lat' dir='ltr'>ex</span> <span class='ocrx_word' id='word_1_157' title='bbox 811 1891 1029 1938; x_wconf 69' lang='lat' dir='ltr'>maxuma</span> <span class='ocrx_word' id='word_1_158' title='bbox 1067 1889 1242 1936; x_wconf 69' lang='lat' dir='ltr'>invidia</span> <span class='ocrx_word' id='word_1_159' title='bbox 1266 1889 1316 1936; x_wconf 90' lang='lat' dir='ltr'>in</span> <span class='ocrx_word' id='word_1_160' title='bbox 1349 1889 1548 1951; x_wconf 85' lang='lat' dir='ltr'>gratiam</span> <span class='ocrx_word' id='word_1_161' title='bbox 1584 1898 1630 1936; x_wconf 87' lang='lat' dir='ltr'>et</span> 
     </span>
     <span class='ocr_line' id='line_1_21' title="bbox 129 1976 1626 2040; baseline -0.001 -17"><span class='ocrx_word' id='word_1_162' title='bbox 129 1976 338 2023; x_wconf 88' lang='lat' dir='ltr'>favorem</span> <span class='ocrx_word' id='word_1_163' title='bbox 360 1976 624 2025; x_wconf 86' lang='lat' dir='ltr'>nobilitatis</span> <span class='ocrx_word' id='word_1_164' title='bbox 660 1977 903 2040; x_wconf 69' lang='lat' dir='ltr'>‚Iugurtha</span> <span class='ocrx_word' id='word_1_165' title='bbox 937 1977 1133 2024; x_wconf 78' lang='lat' dir='ltr'>veniret.</span> <span class='ocrx_word' id='word_1_166' title='bbox 1160 1993 1358 2040; x_wconf 91' lang='lat' dir='ltr'>quorum</span> <span class='ocrx_word' id='word_1_167' title='bbox 1383 1993 1493 2038; x_wconf 86' lang='lat' dir='ltr'>pars</span> <span class='ocrx_word' id='word_1_168' title='bbox 1530 1992 1626 2038; x_wconf 90' lang='lat' dir='ltr'>spe,</span> 
     </span>
     <span class='ocr_line' id='line_1_22' title="bbox 130 2061 1631 2127; baseline -0.001 -18"><span class='ocrx_word' id='word_1_169' title='bbox 130 2063 208 2110; x_wconf 89' lang='lat' dir='ltr'>alii</span> <span class='ocrx_word' id='word_1_170' title='bbox 230 2063 428 2126; x_wconf 82' lang='lat' dir='ltr'>praemio</span> <span class='ocrx_word' id='word_1_171' title='bbox 451 2063 647 2119; x_wconf 88' lang='lat' dir='ltr'>inducti,</span> <span class='ocrx_word' id='word_1_172' title='bbox 678 2063 887 2127; x_wconf 91' lang='lat' dir='ltr'>singulos</span> <span class='ocrx_word' id='word_1_173' title='bbox 923 2080 980 2111; x_wconf 83' lang='lat' dir='ltr'>ex</span> <span class='ocrx_word' id='word_1_174' title='bbox 1004 2070 1170 2110; x_wconf 82' lang='lat' dir='ltr'>senatu</span> <span class='ocrx_word' id='word_1_175' title='bbox 1203 2061 1475 2116; x_wconf 89' lang='lat' dir='ltr'>ambiundo,</span> <span class='ocrx_word' id='word_1_176' title='bbox 1513 2061 1631 2108; x_wconf 90' lang='lat' dir='ltr'>nite-</span> 
     </span>
     <span class='ocr_line' id='line_1_23' title="bbox 128 2146 1628 2211; baseline -0.001 -17"><span class='ocrx_word' id='word_1_177' title='bbox 128 2148 314 2204; x_wconf 88' lang='lat' dir='ltr'>bantur,</span> <span class='ocrx_word' id='word_1_178' title='bbox 342 2165 401 2195; x_wconf 92' lang='lat' dir='ltr'>ne</span> <span class='ocrx_word' id='word_1_179' title='bbox 426 2148 613 2211; x_wconf 76' lang='lat' dir='ltr'>gravius</span> <span class='ocrx_word' id='word_1_180' title='bbox 649 2149 699 2195; x_wconf 91' lang='lat' dir='ltr'>in</span> <span class='ocrx_word' id='word_1_181' title='bbox 735 2165 842 2196; x_wconf 91' lang='lat' dir='ltr'>eum</span> <span class='ocrx_word' id='word_1_182' title='bbox 879 2148 1217 2197; x_wconf 85' lang='lat' dir='ltr'>consuleretur.</span> <span class='ocrx_word' id='word_1_183' title='bbox 1289 2147 1457 2211; x_wconf 80' lang='lat' dir='ltr'>Igitur,</span> <span class='ocrx_word' id='word_1_184' title='bbox 1486 2146 1628 2210; x_wconf 87' lang='lat' dir='ltr'>legati</span> 
     </span>
    </p>
   </div>
   <div class='ocr_carea' id='block_1_3' title="bbox 131 2319 1630 2434">
    <p class='ocr_par' dir='ltr' id='par_1_3' title="bbox 131 2319 1630 2434">
     <span class='ocr_line' id='line_1_24' title="bbox 185 2319 1627 2371; baseline -0.002 -12"><span class='ocrx_word' id='word_1_185' title='bbox 185 2322 301 2360; x_wconf 89' lang='lat' dir='ltr'>XIII.</span> <span class='ocrx_word' id='word_1_186' title='bbox 323 2319 336 2344; x_wconf 82' lang='lat'><em>¹</em></span> <span class='ocrx_word' id='word_1_187' title='bbox 357 2320 512 2359; x_wconf 70' lang='lat' dir='ltr'>Partim</span> <span class='ocrx_word' id='word_1_188' title='bbox 532 2322 580 2369; x_wconf 82' lang='lat' dir='ltr'>vi,</span> <span class='ocrx_word' id='word_1_189' title='bbox 601 2322 704 2359; x_wconf 72' lang='lat' dir='ltr'>alias</span> <span class='ocrx_word' id='word_1_190' title='bbox 723 2320 953 2371; x_wconf 47' lang='lat' dir='ltr'>voluntate]</span> <span class='ocrx_word' id='word_1_191' title='bbox 977 2321 1104 2359; x_wconf 83' lang='lat' dir='ltr'>Latini</span> <span class='ocrx_word' id='word_1_192' title='bbox 1123 2321 1317 2369; x_wconf 71' lang='lat' dir='ltr'>eleganter</span> <span class='ocrx_word' id='word_1_193' title='bbox 1335 2320 1450 2357; x_wconf 82' lang='lat' dir='ltr'>etiam</span> <span class='ocrx_word' id='word_1_194' title='bbox 1469 2320 1627 2366; x_wconf 79' lang='lat' dir='ltr'>diversa,</span> 
     </span>
     <span class='ocr_line' id='line_1_25' title="bbox 131 2381 1630 2434; baseline -0.003 -12"><span class='ocrx_word' id='word_1_195' title='bbox 131 2397 214 2433; x_wconf 87' lang='lat' dir='ltr'>quae</span> <span class='ocrx_word' id='word_1_196' title='bbox 232 2390 381 2432; x_wconf 83' lang='lat' dir='ltr'>vocant,</span> <span class='ocrx_word' id='word_1_197' title='bbox 403 2386 575 2434; x_wconf 86' lang='lat' dir='ltr'>subject-a</span> <span class='ocrx_word' id='word_1_198' title='bbox 594 2386 723 2422; x_wconf 82' lang='lat' dir='ltr'>eodem</span> <span class='ocrx_word' id='word_1_199' title='bbox 741 2397 833 2422; x_wconf 80' lang='lat' dir='ltr'>casu</span> <span class='ocrx_word' id='word_1_200' title='bbox 849 2386 1020 2423; x_wconf 85' lang='lat' dir='ltr'>efferunt.</span> <span class='ocrx_word' id='word_1_201' title='bbox 1091 2385 1136 2421; x_wconf 84' lang='lat' dir='ltr'>Vi</span> <span class='ocrx_word' id='word_1_202' title='bbox 1154 2396 1288 2432; x_wconf 88' lang='lat' dir='ltr'>nempe</span> <span class='ocrx_word' id='word_1_203' title='bbox 1315 2381 1405 2421; x_wconf 65' lang='lat' dir='ltr'>sua:</span> <span class='ocrx_word' id='word_1_204' title='bbox 1436 2383 1630 2420; x_wconf 80' lang='lat' dir='ltr'>voluntate</span> 
     </span>
    </p>
   </div>
   <div class='ocr_carea' id='block_1_4' title="bbox 131 2451 1630 2563">
    <p class='ocr_par' dir='ltr' id='par_1_4' title="bbox 131 2451 1630 2563">
     <span class='ocr_line' id='line_1_26' title="bbox 131 2451 968 2500; baseline -0.001 -12"><span class='ocrx_word' id='word_1_205' title='bbox 131 2463 274 2497; x_wconf 88' lang='lat' dir='ltr'>eorum,</span> <span class='ocrx_word' id='word_1_206' title='bbox 297 2463 391 2500; x_wconf 88' lang='lat' dir='ltr'>quos</span> <span class='ocrx_word' id='word_1_207' title='bbox 410 2455 672 2498; x_wconf 82' lang='lat' dir='ltr'>oppugnatum</span> <span class='ocrx_word' id='word_1_208' title='bbox 690 2451 968 2489; x_wconf 56' lang='lat' dir='ltr'>venerab—M,</span> 
     </span>
     <span class='ocr_line' id='line_1_27' title="bbox 182 2511 1630 2563; baseline -0.001 -12"><span class='ocrx_word' id='word_1_209' title='bbox 182 2513 197 2534; x_wconf 75' lang='lat'>²</span> <span class='ocrx_word' id='word_1_210' title='bbox 218 2514 267 2551; x_wconf 82' lang='lat' dir='ltr'>In</span> <span class='ocrx_word' id='word_1_211' title='bbox 279 2512 560 2563; x_wconf 69' lang='lat' dir='ltr'>provinciam]</span> <span class='ocrx_word' id='word_1_212' title='bbox 591 2514 657 2550; x_wconf 91' lang='lat' dir='ltr'>All</span> <span class='ocrx_word' id='word_1_213' title='bbox 674 2515 761 2552; x_wconf 89' lang='lat' dir='ltr'>that</span> <span class='ocrx_word' id='word_1_214' title='bbox 787 2520 873 2562; x_wconf 86' lang='lat' dir='ltr'>part</span> <span class='ocrx_word' id='word_1_215' title='bbox 891 2514 933 2552; x_wconf 88' lang='lat' dir='ltr'>of</span> <span class='ocrx_word' id='word_1_216' title='bbox 946 2512 1077 2551; x_wconf 70' lang='lat' dir='ltr'>Asi-lca</span> <span class='ocrx_word' id='word_1_217' title='bbox 1098 2514 1222 2550; x_wconf 75' lang='lat' dir='ltr'>which</span> <span class='ocrx_word' id='word_1_218' title='bbox 1249 2512 1428 2561; x_wconf 82' lang='lat' dir='ltr'>formerly</span> <span class='ocrx_word' id='word_1_219' title='bbox 1445 2511 1630 2561; x_wconf 87' lang='lat' dir='ltr'>belonged</span> 
     </span>
    </p>
   </div>
   <div class='ocr_carea' id='block_1_5' title="bbox 129 2576 1630 2690">
    <p class='ocr_par' dir='ltr' id='par_1_5' title="bbox 129 2576 1630 2690">
     <span class='ocr_line' id='line_1_28' title="bbox 129 2576 1630 2626; baseline -0.003 -9"><span class='ocrx_word' id='word_1_220' title='bbox 129 2585 168 2617; x_wconf 88' lang='lat' dir='ltr'>to</span> <span class='ocrx_word' id='word_1_221' title='bbox 187 2580 252 2617; x_wconf 86' lang='lat' dir='ltr'>the</span> <span class='ocrx_word' id='word_1_222' title='bbox 269 2578 572 2625; x_wconf 71' lang='lat' dir='ltr'>Carthaginians,</span> <span class='ocrx_word' id='word_1_223' title='bbox 594 2578 708 2626; x_wconf 87' lang='lat' dir='ltr'>being</span> <span class='ocrx_word' id='word_1_224' title='bbox 725 2589 811 2615; x_wconf 74' lang='lat' dir='ltr'>now</span> <span class='ocrx_word' id='word_1_225' title='bbox 829 2578 870 2614; x_wconf 87' lang='lat' dir='ltr'>in</span> <span class='ocrx_word' id='word_1_226' title='bbox 887 2578 951 2614; x_wconf 87' lang='lat' dir='ltr'>the</span> <span class='ocrx_word' id='word_1_227' title='bbox 964 2578 1177 2625; x_wconf 65' lang='lat' dir='ltr'>possaesion</span> <span class='ocrx_word' id='word_1_228' title='bbox 1195 2576 1236 2613; x_wconf 89' lang='lat' dir='ltr'>of</span> <span class='ocrx_word' id='word_1_229' title='bbox 1250 2577 1314 2614; x_wconf 89' lang='lat' dir='ltr'>the</span> <span class='ocrx_word' id='word_1_230' title='bbox 1334 2576 1511 2623; x_wconf 86' lang='lat' dir='ltr'>Romans,</span> <span class='ocrx_word' id='word_1_231' title='bbox 1528 2582 1630 2613; x_wconf 81' lang='lat' dir='ltr'>went</span> 
     </span>
     <span class='ocr_line' id='line_1_29' title="bbox 129 2641 1629 2690; baseline -0.003 -9"><span class='ocrx_word' id='word_1_232' title='bbox 129 2644 248 2681; x_wconf 85' lang='lat' dir='ltr'>under</span> <span class='ocrx_word' id='word_1_233' title='bbox 265 2643 331 2680; x_wconf 84' lang='lat' dir='ltr'>the</span> <span class='ocrx_word' id='word_1_234' title='bbox 348 2653 459 2679; x_wconf 89' lang='lat' dir='ltr'>name</span> <span class='ocrx_word' id='word_1_235' title='bbox 486 2641 528 2677; x_wconf 88' lang='lat' dir='ltr'>of</span> <span class='ocrx_word' id='word_1_236' title='bbox 542 2641 761 2688; x_wconf 80' lang='lat' dir='ltr'>provincia,</span> <span class='ocrx_word' id='word_1_237' title='bbox 783 2641 858 2678; x_wconf 88' lang='lat' dir='ltr'>and</span> <span class='ocrx_word' id='word_1_238' title='bbox 878 2653 957 2679; x_wconf 84' lang='lat' dir='ltr'>was</span> <span class='ocrx_word' id='word_1_239' title='bbox 985 2641 1178 2690; x_wconf 86' lang='lat' dir='ltr'>governed</span> <span class='ocrx_word' id='word_1_240' title='bbox 1205 2641 1259 2689; x_wconf 80' lang='lat' dir='ltr'>by</span> <span class='ocrx_word' id='word_1_241' title='bbox 1277 2641 1519 2688; x_wconf 79' lang='lat' dir='ltr'>magistrates</span> <span class='ocrx_word' id='word_1_242' title='bbox 1546 2645 1629 2677; x_wconf 85' lang='lat' dir='ltr'>sent</span> 
     </span>
    </p>
   </div>
   <div class='ocr_carea' id='block_1_6' title="bbox 127 2705 801 2752">
    <p class='ocr_par' dir='ltr' id='par_1_6' title="bbox 127 2705 801 2752">
     <span class='ocr_line' id='line_1_30' title="bbox 127 2705 801 2752; baseline -0.003 -8"><span class='ocrx_word' id='word_1_243' title='bbox 127 2707 226 2744; x_wconf 84' lang='lat' dir='ltr'>from</span> <span class='ocrx_word' id='word_1_244' title='bbox 247 2707 378 2744; x_wconf 87' lang='lat' dir='ltr'>Rome.</span> <span class='ocrx_word' id='word_1_245' title='bbox 437 2705 505 2743; x_wconf 85' lang='lat' dir='ltr'>See</span> <span class='ocrx_word' id='word_1_246' title='bbox 524 2716 604 2752; x_wconf 85' lang='lat' dir='ltr'>cap.</span> <span class='ocrx_word' id='word_1_247' title='bbox 629 2705 801 2742; x_wconf 82' lang='lat' dir='ltr'><strong>19.-M.</strong></span> 
     </span>
    </p>
   </div>
  </div>
 </body>
</html>
