1889 3191
258 237 335 274 220
633 235 911 275 SALLUSTII
937 237 1351 276 JUGURTHINUM.

259 353 462 416 reliquos
485 354 668 401 Marius
692 355 908 402 ducebat.
979 355 1070 402 Sed
1102 354 1202 417 igni
1224 356 1373 417 magis
1403 354 1541 417 quam
1564 354 1740 417 praeda,

260 455 370 503 ager
391 441 677 488 vastabatur.
746 441 945 488 Duobus
983 441 1112 496 loeis,
1151 440 1280 487 haud
1317 440 1458 503 longe
1496 440 1619 487 inter
1658 440 1744 496 se,³

261 530 413 571 eastra
436 522 695 570 faciebant:
732 523 815 569 ubi
837 523 882 568 vi
915 538 1034 584 opus
1069 529 1181 577 erat,
1209 523 1366 569 cuncti
1399 522 1619 570 aderant:
1657 538 1746 569 eae-

261 608 430 665 terum,
458 608 549 671 quo
571 607 684 669 fuga
705 613 845 669 atque
868 606 1070 653 formido
1104 606 1245 652 latius
1270 613 1544 663 crescerent,
1573 606 1746 654 divorsi

260 695 477 757 agebant.
548 693 618 738 Eo
654 698 866 754 tempore
890 691 1130 753 Jugurtha
1162 707 1246 753 per
1272 691 1403 737 collis
1428 692 1590 755 sequi:
1629 699 1746 739 tem-

260 795 365 841 pus,
393 783 474 824 aut
496 778 653 824 locum
675 791 851 839 pugnae
886 792 1120 838 quaerere:
1158 776 1248 839 qua
1280 782 1528 822 venturum
1560 776 1747 824 hostem

261 863 485 918 audierat,
511 863 736 925 pabulum
778 868 824 908 et
860 877 1084 923 aquarum
1121 861 1279 917 fontis,
1320 877 1518 923 quorum
1553 861 1749 924 penuria

261 956 373 1005 erat,
401 965 724 1011 corrumpere:
762 948 900 994 modo
925 963 973 994 se
998 947 1208 1002 Metello,
1236 946 1474 993 interdum
1499 946 1652 994 Mario
1675 962 1749 994 os-

262 1035 481 1090 tendere3
518 1040 781 1097 postremos
804 1034 854 1079 in
877 1033 1063 1096 agmine
1097 1038 1291 1087 tentare,
1320 1047 1374 1078 ac
1401 1032 1562 1079 statim
1584 1032 1636 1078 in
1658 1030 1749 1078 eol-

261 1120 320 1167 lis
343 1119 525 1183 regredi
547 1139 558 1173 ;
600 1122 762 1166 rursus
785 1119 903 1173 aliis,
929 1118 1037 1180 post
1060 1117 1162 1164 aliis
1187 1116 1395 1163 minitari
1415 1134 1426 1162 ε
1451 1132 1602 1179 neque
1623 1132 1746 1179 prae-

260 1206 378 1252 lium
399 1205 564 1260 facere,
591 1220 740 1267 neque
776 1204 924 1251 otium
958 1203 1091 1265 pati3
1129 1201 1457 1249 tantummodo
1478 1201 1667 1248 hostem
1690 1200 1748 1247 ab

262 1292 450 1351 incepto
476 1290 692 1337 retinere.

329 1376 460 1422 LVI.
498 1375 740 1420 Romanus
763 1374 1029 1435 imperator,
1055 1372 1138 1418 ubi
1172 1387 1220 1419 se
1244 1371 1364 1418 dolis
1397 1371 1583 1434 fatigari
1605 1370 1745 1425 videt,

261 1475 410 1522 neque
434 1459 491 1505 ab
515 1458 652 1505 hoste
685 1458 868 1520 copiam
901 1457 1145 1519 pugnandi
1168 1456 1282 1511 fieri,
1309 1456 1474 1502 urbem
1507 1471 1744 1518 magnam,

264 1550 310 1591 et
331 1544 381 1591 in
404 1545 457 1591 ea
489 1549 637 1605 parte,
675 1542 767 1604 qua
802 1542 893 1588 sita
925 1547 1039 1596 erat,
1078 1556 1232 1588 arcem
1266 1541 1413 1603 regni,
1451 1540 1642 1586 nomine
1667 1539 1752 1586 Za-

263 1645 404 1685 mam,
432 1628 598 1676 statuit
621 1628 920 1690 obpugnare3
946 1633 1090 1682 ratus,
1116 1626 1167 1672 id
1185 1626 1311 1689 quod
1332 1625 1574 1688 negotium
1591 1640 1752 1688 posce-

262 1715 358 1770 bat,
387 1714 419 1762 J
421 1713 676 1776 ugurtham
698 1711 1019 1759 laborantibus
1044 1711 1141 1758 suis
1176 1711 1347 1758 auxilio
1375 1716 1639 1766 venturum,
1665 1709 1752 1756 ibi-

265 1816 354 1863 que
376 1799 593 1862 praelium
614 1798 728 1845 fore.
795 1798 862 1843 At
895 1797 972 1844 ille
1008 1813 1113 1860 quae
1146 1797 1445 1859 parabantur,
1484 1811 1512 1842 a
1543 1793 1753 1858 perfugis

265 1884 472 1939 edoctuS,
497 1883 681 1945 magnis
703 1882 948 1929 itineribus
972 1881 1220 1929 Metellum
1256 1880 1492 1928 antevenit
1512 1900 1524 1936 ;
1561 1878 1753 1942 oppida-

265 1985 350 2016 nos
374 1969 603 2023 hortatur,
631 1967 806 2014 moenia
828 1966 1097 2021 defendant,
1124 1965 1298 2012 additis
1321 1964 1493 2013 auxilio
1515 1963 1750 2027 perfugis;

268 2053 392 2115 quod
415 2068 562 2115 genus
586 2069 641 2099 ex
665 2052 812 2114 copiis
836 2051 994 2113 Regis,
1017 2051 1126 2113 quia
1139 2050 1297 2097 fallere
1311 2049 1568 2113 nequibat‚¹
1585 2049 1753 2096 firmis-

321 2182 335 2204 ³
357 2182 479 2219 Haud
495 2180 604 2230 lonye
624 2182 724 2217 inter
742 2179 815 2230 se.]
847 2181 947 2217 Puta
965 2180 1170 2226 distantes;
1201 2183 1267 2216 aut
1286 2179 1524 2226 distantibus,
1545 2190 1679 2226 nempe
1697 2179 1753 2217 lo-

267 2251 318 2286 cis
334 2264 343 2294 3
375 2251 441 2284 aut
459 2245 649 2290 distantia,
670 2249 714 2280 ut
733 2245 781 2281 ad
795 2248 927 2289 eastra,
948 2244 1095 2280 referas.
1154 2242 1226 2280 Sed
1244 2243 1336 2279 mihi
1364 2240 1469 2289 prius
1488 2241 1754 2279 adridet.-—M.

321 2311 424 2349 LVI.
462 2306 474 2329 ¹
499 2307 600 2349 Quia
619 2308 763 2356 fallere
791 2305 1006 2355 nequibat]
1037 2306 1116 2342 The
1136 2306 1303 2342 Romans
1327 2305 1493 2341 inflicted
1519 2316 1613 2353 very
1631 2315 1756 2342 severe

266 2375 528 2423 punishments
559 2382 661 2418 upon
690 2382 766 2418 any
784 2371 944 2406 deserter
970 2370 1068 2405 from
1087 2369 1190 2405 them
1220 2369 1306 2405 that
1332 2368 1445 2415 again
1471 2366 1536 2404 fell
1553 2368 1632 2404 into
1659 2367 1757 2404 their

266 2438 409 2482 hands,
440 2436 533 2472 such
552 2445 593 2470 as
611 2434 676 2470 the
703 2434 852 2480 cutting
870 2433 926 2469 off
939 2432 980 2468 os
993 2432 1125 2477 hands,
1147 2442 1258 2476 arms,
1279 2441 1321 2466 or
1339 2431 1446 2467 other
1456 2431 1661 2476 members3
1689 2431 1756 2467 be-

267 2501 441 2546 heading,
463 2497 683 2546 erucifying,
704 2497 892 2544 exposing
910 2500 949 2532 to
967 2494 1056 2531 wild
1083 2495 1217 2539 beasts,
1239 2494 1314 2530 and
1331 2494 1396 2530 the
1413 2493 1510 2530 like:
1531 2494 1606 2529 and
1631 2493 1756 2530 there-

269 2565 345 2600 fore
364 2565 427 2600 the
446 2568 563 2600 terror
582 2563 623 2599 of
636 2566 779 2599 torture
807 2563 881 2598 and
899 2561 1022 2607 death,
1052 2561 1086 2597 if
1099 2561 1191 2608 they
1210 2559 1345 2596 should
1370 2559 1438 2595 fall
1454 2559 1535 2596 into
1552 2559 1617 2595 the
1635 2558 1757 2596 hands

270 2627 310 2662 of
324 2628 389 2663 the
408 2627 584 2671 Romans,
599 2626 775 2662 attached
789 2626 892 2662 them
912 2624 1084 2673 strongly
1102 2628 1142 2661 to
1159 2624 1224 2660 the
1241 2623 1367 2670 prince
1385 2633 1426 2659 or
1442 2625 1557 2670 party
1573 2625 1613 2659 to
1630 2622 1756 2659 whom

270 2689 362 2736 they
381 2689 457 2724 had
475 2690 652 2734 desei-ted,
674 2689 748 2725 and
767 2689 876 2725 made
894 2689 997 2725 them
1016 2687 1127 2724 stand
1144 2687 1198 2735 by
1215 2687 1320 2723 them
1338 2686 1378 2722 in
1397 2696 1420 2722 a
1437 2684 1607 2729 resolute,
1625 2694 1666 2720 or
1692 2695 1753 2722 ra-

270 2752 365 2796 ther,
387 2751 577 2797 desperate
596 2750 873 2788 mannen—M.
