1889 3191
209 226 284 261 308
583 224 861 266 SALLUSTII
888 224 913 265 J
917 224 1206 266 UGURTHIN
1211 224 1303 265 ΠΜ.

274 340 459 389 CVIII.
496 341 572 390 Ibi
604 360 712 390 cum
735 344 924 392 Boccho
947 344 1158 391 Numida
1190 343 1395 407 quidam,
1422 343 1576 406 Aspar
1608 357 1690 388 no-

207 427 347 484 mine,
374 428 577 475 multum
599 436 645 476 et
667 429 957 476 familiaritEr
991 430 1159 491 agebat
1179 449 1189 475 :
1226 429 1499 491 praemissus
1524 426 1582 474 ab
1606 425 1692 475 Ju-

207 513 392 574 gurtha,
431 521 680 577 postquam
715 514 892 560 Sullam
927 515 1126 561 accitum
1161 515 1384 570 audierat,
1422 512 1610 569 orator,l
1646 518 1694 558 et

208 598 401 644 subdole
449 599 739 660 speculatum
775 599 952 646 Bocchi
996 598 1190 646 consilia
1210 618 1220 644 ε
1258 602 1484 660 praeterea
1517 599 1689 653 Dabar,

209 681 536 743 Massugradae
573 682 711 737 filius,
751 698 806 728 ex
839 689 977 745 gente
1014 682 1299 737 Masinissae,
1337 685 1559 729 caeterum
1598 698 1693 729 ma-

207 773 340 811 terno
363 782 530 827 genere
552 767 704 828 impar
726 765 767 821 ;²
794 767 924 828 (nam
947 774 1080 829 pater
1098 766 1198 829 ejus
1214 783 1270 813 ex
1287 767 1546 814 concubina
1563 775 1694 814 ortus

209 858 308 896 erat
333 851 374 910 3)
402 851 572 897 Mauro
597 852 656 897 ob
679 852 855 914 ingenii
879 852 1028 898 multa
1049 853 1173 898 bona
1195 867 1328 898 carus
1352 858 1691 914 acceptusque:

209 952 347 998 quem
372 936 590 983 Bocchus
613 937 761 983 fidum
786 937 1012 984 Romanis
1044 937 1207 983 multis
1243 940 1378 983 antea
1405 938 1696 1000 tempestati-

209 1021 296 1066 bus
320 1030 552 1083 expertus‚
580 1022 703 1068 illico
726 1022 784 1068 ad
808 1022 984 1068 Sullam
1010 1023 1284 1069 nunciatum
1319 1022 1482 1078 mittit,
1513 1028 1546 1048 “
1565 1037 1695 1085 para-

209 1114 311 1152 tum
336 1123 435 1154 sese
458 1107 621 1163 facere,
650 1124 755 1171 quae
778 1108 980 1171 populus
1007 1108 1248 1154 Romanus
1270 1107 1409 1154 vellet
1429 1127 1440 1154 z
1468 1107 1696 1170 colloquio

210 1192 349 1247 diem,
374 1193 542 1248 locum,
570 1201 756 1255 tempus
779 1194 879 1256 ipse
915 1194 1147 1255 delegeret
1168 1193 1201 1239 :³
1226 1193 1441 1239 consulta
1475 1209 1574 1239 sese
1599 1209 1696 1239 om-

210 1278 289 1324 nia
311 1294 417 1324 cum
441 1278 520 1324 illo
542 1278 724 1340 integra
746 1278 917 1325 habere
938 1279 970 1333 ;⁴
994 1295 1051 1324 ne
1073 1280 1106 1326 J
1110 1278 1328 1340 ugurthae
1362 1278 1569 1340 legatum
1592 1293 1694 1339 per·

210 1363 501 1418 timesceret;
529 1379 620 1425 quo
639 1362 732 1409 res⁵
759 1365 1021 1410 communis
1038 1362 1275 1410 licentius6
1300 1371 1537 1424 gereretur
1556 1383 1568 1417 ;
1586 1379 1695 1408 nam

263 1532 411 1569 CVIII.
444 1531 454 1554 ¹
485 1531 662 1582 Oraton]
685 1533 929 1581 Messengers,
952 1534 1128 1580 deputies,
1152 1545 1193 1570 or
1212 1533 1481 1578 ambassadors,
1504 1540 1585 1570 sent
1605 1533 1697 1568 with

209 1595 458 1643 instructions,
480 1609 576 1633 were
595 1597 784 1644 anciently
804 1597 923 1633 called
943 1603 1124 1633 oratores:
1150 1597 1231 1632 Liv.
1254 1598 1314 1643 30,
1337 1608 1417 1643 cap.
1441 1598 1500 1641 16,
1523 1595 1697 1634 Oratores

210 1660 257 1695 ad
277 1671 405 1706 pacem
423 1663 623 1709 petendam
642 1662 810 1698 mittunt.
869 1662 936 1698 See
955 1673 1034 1708 cap.
1057 1664 1118 1705 46,
1142 1666 1227 1697 note
1249 1661 1394 1697 2.—]1.

263 1721 277 1743 ²
299 1724 478 1761 Materno
495 1737 629 1772 yenere
648 1723 811 1774 impar]
844 1725 862 1761 I
882 1726 1014 1761 choose
1046 1729 1085 1761 to
1117 1725 1249 1760 render
1277 1725 1362 1769 this,
1395 1724 1447 1771 by
1475 1724 1537 1760 the
1565 1724 1698 1760 female

211 1788 296 1833 side,
318 1789 474 1824 because
491 1789 555 1826 the
584 1799 716 1835 person
734 1789 821 1824 here
853 1794 980 1825 meant
998 1801 1076 1825 was
1095 1794 1161 1825 not
1180 1789 1340 1825 Dabar's
1357 1789 1513 1833 mother,
1545 1789 1613 1824 but
1640 1789 1698 1825 his

210 1854 488 1900 grandmother,
509 1854 594 1899 viz.,
616 1854 680 1889 the
698 1854 844 1890 mother
863 1855 905 1890 of
917 1855 975 1891 his
993 1855 1124 1899 father,
1139 1854 1398 1901 Massugrada‚
1419 1855 1504 1890 who
1520 1865 1597 1890 was
1611 1853 1698 1890 Ma-

210 1917 374 1953 sinissa’s
406 1917 620 1954 concubine.
679 1917 747 1954 See
776 1918 840 1954 the
872 1918 1005 1966 family
1024 1919 1066 1954 of
1079 1918 1280 1955 Masinissa
1308 1919 1524 1963 ‹lelineated‚
1546 1929 1626 1965 cap.
1661 1919 1694 1962 5,

207 1986 294 2017 note
313 1982 461 2019 5.-M.

263 2045 278 2066 ⁸
299 2047 425 2093 Diem,
447 2047 579 2093 locum,
602 2053 746 2095 tempus
765 2047 846 2094 ipse
866 2046 1080 2097 dileyeret]
1103 2048 1232 2084 Veluti
1251 2060 1302 2084 ex
1321 2048 1483 2085 formula
1496 2049 1583 2094 dies,
1601 2053 1697 2084 tem-

211 2126 280 2159 pus
299 2114 411 2150 simul
429 2117 696 2150 memorantur.
735 2112 873 2160 Scripsi
891 2114 1080 2162 dilegeret,
1101 2111 1203 2161 quod
1221 2115 1275 2151 ita
1294 2115 1538 2152 vetustissimi
1557 2115 1699 2151 codices

211 2177 280 2212 hoc
299 2178 459 2213 verbum
478 2176 805 2213 exhibeant—M.

264 2240 278 2260 ⁴
305 2242 489 2278 Consulta
508 2255 586 2278 sese
605 2243 733 2278 onmia
754 2254 836 2277 cum
864 2241 930 2277 illo
950 2243 1098 2289 inteyra
1127 2241 1298 2291 habere]
1323 2242 1505 2280 Consulta
1522 2254 1589 2290 pro
1608 2255 1697 2279 con-

213 2306 375 2343 sulendis
395 2317 459 2341 seu
477 2305 661 2350 consiliis3
693 2305 880 2352 significat
907 2305 1043 2352 itaque,
1065 2317 1108 2341 ea
1126 2306 1172 2341 de
1190 2306 1324 2352 quibus
1343 2305 1609 2342 consulendum
1630 2307 1696 2341 ha-

212 2371 314 2406 beret
332 2382 418 2406 cum
439 2368 554 2413 Sulla,
576 2369 702 2405 omnia
719 2368 847 2404 futura
866 2369 1011 2416 integra
1029 2375 1066 2405 et
1083 2369 1348 2405 intacta.—M.

267 2433 281 2453 ⁵
302 2435 589 2471 pertimesceret
605 2447 619 2475 ;
650 2431 723 2480 quo
743 2431 837 2482 res.]
870 2433 980 2480 Cape,
1002 2435 1109 2481 quasi
1137 2435 1316 2480 scriptum
1345 2439 1463 2471 esset:
1493 2446 1567 2470 neu
1593 2434 1698 2482 lega-

213 2505 295 2535 tum
315 2501 338 2535 J
342 2501 515 2548 ugurthae
528 2513 537 2544 ;
558 2499 622 2545 qui
634 2499 788 2543 adesset,
802 2503 869 2534 aut
883 2499 1097 2543 advocatus,
1115 2498 1227 2534 etiam
1240 2499 1279 2534 in
1296 2499 1574 2536 familiariorem
1588 2511 1699 2536 usum

214 2562 435 2609 adsumptus
453 2566 558 2606 esset,
578 2561 873 2607 pertimesceret3
895 2560 982 2597 cum
1002 2562 1056 2597 ita
1074 2567 1227 2598 cautum
1247 2563 1305 2608 sit,
1323 2574 1396 2610 quo
1415 2575 1472 2599 res
1491 2564 1699 2599 communis

212 2624 384 2662 licentius
402 2629 610 2672 gereretur:
640 2635 730 2659 nam
748 2625 796 2660 ab
814 2624 958 2660 insidiis
975 2624 1001 2660 J
1004 2625 1178 2671 ugurthae
1196 2622 1308 2661 aliter
1326 2627 1450 2662 caveri
1476 2626 1697 2673 nequivisse.

215 2688 322 2724 -Μ,

266 2748 282 2770 ⁸
310 2750 391 2792 Quo
430 2761 488 2783 res
527 2749 730 2783 communis
767 2747 954 2793 licentius,
990 2748 1075 2798 δια]
1108 2750 1226 2786 There
1262 2751 1294 2787 is
1322 2761 1423 2788 some
1454 2751 1574 2788 defect
1599 2752 1696 2787 here.
