1889 3191
614 228 895 270 SALLUSTII
925 232 1210 271 CATALINA.
1638 234 1658 269 5

154 353 342 410 pertum
366 354 451 404 est,
481 348 531 395 in
553 349 677 396 bello
713 350 972 413 plurimum
1006 351 1251 414 ingenium
1286 367 1444 414 posse.
1522 351 1663 406 Quod

154 433 193 480 si
217 433 402 497 regum³
437 441 578 498 atque
613 435 955 499 imperatorum
991 436 1135 483 animi
1174 436 1324 483 virtus
1352 436 1403 482 in
1426 451 1541 499 pace
1574 435 1658 491 ita,

155 608 279 646 Greek
298 611 397 658 thus,
421 611 468 651 τῆ
490 610 599 664 πεῖςα
619 626 690 648 των
707 612 1092 665 πράγματωυ.-Ξεθ
1111 611 1190 649 also
1209 612 1246 649 J.
1264 612 1304 648 F.
1322 611 1488 649 Gronov.
1510 622 1558 648 on
1579 611 1661 648 Liv.

158 679 191 723 1,
215 679 277 722 32,
299 679 396 717 cited
415 682 468 729 by
489 682 611 719 Davis
631 694 680 719 on
701 683 777 721 Cic.
800 682 951 719 Tuscul.
974 681 1116 726 Quaest.
1140 682 1175 726 2,
1197 679 1337 717 4.-C.

208 739 224 762 ³
251 741 366 784 Quod
382 745 416 780 si
434 745 598 797 reyum]
634 747 676 782 Si
693 748 725 784 is
744 748 957 784 sometimes
975 750 1046 793 put
1063 746 1121 782 for
1132 758 1196 790 an,
1219 756 1260 781 as
1278 744 1318 779 in
1339 744 1422 780 Liv.
1443 743 1468 779 l.
1490 744 1526 789 4,
1540 754 1579 786 pc.
1598 743 1662 778 20.

158 807 232 852 Qui
251 808 285 844 si
303 821 348 846 ea
366 809 406 846 in
418 822 458 847 re
472 812 522 848 sit
536 824 647 859 error,
666 814 776 861 quod,
799 813 862 849 &c.
881 827 890 858 3
905 841 914 849 .
930 840 938 848 .
956 840 965 849 .
984 840 992 848 .
1016 805 1251 847 existimatio
1266 809 1478 846 eommunis
1493 807 1665 845 omnium

156 876 223 909 est.
296 874 346 912 So
377 875 461 912 Liv.
497 878 621 925 again,
657 878 722 915 lib.
748 880 780 924 1,
804 891 834 915 c.
858 879 919 923 57,
951 877 1115 913 Tentata
1141 887 1200 912 res
1229 880 1286 912 est
1312 875 1489 922 primum,
1525 874 1559 910 si
1590 874 1666 910 im-

156 940 248 983 petu
277 939 361 985 capi
379 938 506 977 Ardea
535 941 682 988 posset3
705 943 781 978 and
802 944 836 989 2,
861 943 922 988 35,
944 941 1002 978 Ac
1021 942 1142 988 primo
1171 943 1320 976 tentata
1349 950 1408 975 res
1440 942 1506 984 est,
1528 937 1563 973 si
1584 938 1664 974 dis-

155 1003 287 1048 positis
305 1005 505 1043 clientibus
524 1007 694 1054 disjicere
713 1019 793 1044 rem
812 1012 977 1054 possent.
1035 1006 1103 1043 See
1122 1005 1200 1041 also
1214 1005 1249 1050 2,
1273 1005 1336 1049 25,
1354 1004 1430 1040 and
1444 1014 1524 1049 cap.
1548 1004 1610 1049 31,
1629 1004 1664 1047 9,

157 1067 221 1103 Ad
249 1069 450 1118 collegium
470 1071 699 1108 Pontificum
728 1073 863 1108 referre
893 1071 1024 1109 consul
1042 1071 1181 1119 jussu8,
1204 1069 1238 1105 si
1258 1072 1384 1116 posset
1403 1072 1505 1104 recte
1532 1071 1668 1103 votum

158 1132 310 1170 incertae
342 1136 511 1182 pecuniae
531 1137 693 1184 suspici3
715 1149 795 1184 cap.
820 1138 881 1183 33,
905 1138 966 1183 35,
990 1136 1273 1180 Percunctatus,
1309 1134 1343 1169 si
1376 1132 1575 1170 consilium
1608 1142 1669 1168 sa-

158 1199 280 1237 lutare
308 1203 506 1239 admittere
534 1204 688 1240 auribus
730 1208 877 1251 posset3
922 1215 1002 1250 cap.
1035 1204 1096 1249 36,
1130 1204 1192 1248 33,
1224 1201 1508 1245 Percunctatus,
1547 1198 1592 1244 si,
1633 1210 1672 1234 se

157 1268 319 1316 interim,
350 1282 434 1318 quae
466 1271 685 1308 defecissent
713 1273 761 1309 ab
789 1272 966 1308 societate
986 1271 1169 1317 Romana,
1200 1270 1312 1306 urbes
1339 1268 1501 1315 recipere
1529 1266 1670 1310 vellem

159 1347 240 1383 cap.
263 1337 325 1383 39,
348 1338 410 1384 50,
432 1338 540 1374 Nihil
572 1338 674 1375 aliud
706 1339 877 1375 locutum
909 1339 1045 1383 ferunt,
1067 1349 1183 1385 quam
1211 1335 1398 1384 quaesisse,
1419 1334 1453 1370 si
1472 1332 1672 1369 incolumis

162 1399 345 1448 Lycortas
382 1402 600 1450 equitesque
645 1405 874 1447 evasissent3
918 1415 998 1449 cap.
1035 1404 1098 1442 40,
1128 1403 1192 1447 49,
1225 1399 1412 1445 Quaesivit
1450 1399 1597 1443 iterum,
1637 1397 1671 1431 si

162 1478 250 1503 cum
278 1467 461 1505 Romanis
493 1469 657 1505 militare
688 1468 827 1506 liceret.
886 1468 936 1506 So
956 1468 1050 1504 Hor.
1071 1467 1136 1504 lib.
1161 1468 1194 1513 1,
1217 1465 1376 1513 Epistol.
1411 1464 1460 1500 ad
1482 1463 1672 1500 Maecena-

163 1534 438 1581 tem—inspice
471 1534 506 1570 si
533 1546 688 1581 possum
717 1535 856 1571 donata
883 1545 1059 1581 reponere
1087 1533 1208 1569 laetus.
1279 1530 1371 1567 And
1397 1530 1462 1567 lib.
1485 1531 1520 1575 2,
1542 1529 1614 1575 Ep.
1640 1529 1671 1572 l,

164 1597 343 1633 Tentavit
373 1608 522 1644 quoque
551 1609 631 1633 rem
650 1598 684 1633 si
704 1599 817 1645 digne
835 1602 981 1634 vertere
1001 1600 1150 1643 posset3
1184 1595 1260 1632 and
1278 1594 1349 1641 Ep.
1371 1594 1420 1630 ad
1438 1592 1671 1629 Numicium.

166 1662 398 1710 Chlamydes
428 1663 609 1699 Lucullus
631 1662 695 1713 (ut
724 1661 852 1712 aiunt)
874 1663 908 1697 si
927 1667 1053 1709 posset
1081 1673 1201 1697 scenae
1228 1661 1405 1707 praebere.
1464 1658 1514 1694 So
1536 1656 1674 1694 Tibull.

164 1728 229 1765 lib.
253 1730 287 1774 3,
310 1729 417 1777 Eleg.
442 1731 475 1775 1,
500 1729 573 1765 Illa
602 1730 695 1765 mihi
723 1730 869 1774 referat,
891 1729 925 1764 si
944 1729 1064 1764 nostri
1091 1731 1226 1762 mutua
1255 1737 1346 1762 cura
1374 1729 1441 1770 est,
1463 1735 1512 1760 an
1541 1724 1673 1768 minor,

167 1805 216 1830 an
247 1797 327 1830 toto
355 1797 502 1840 pectore
530 1795 741 1831 deciderim.
801 1794 895 1829 Hor.
931 1793 995 1829 lib.
1032 1794 1064 1837 1,
1086 1791 1156 1838 Ep.
1193 1791 1227 1835 3,
1249 1802 1287 1826 v.
1310 1790 1372 1835 30,
1398 1787 1441 1823 Si
1468 1788 1536 1824 tibi
1564 1799 1673 1832 eurae,

170 1858 234 1894 Suc.
251 1871 261 1904 3
281 1858 405 1894 where
425 1869 484 1895 see
505 1859 734 1904 Lambinus,
757 1858 832 1894 and
852 1869 911 1894 see
930 1857 1008 1893 also
1030 1855 1247 1892 Perizonius
1265 1855 1306 1890 in
1333 1853 1392 1889 his
1411 1851 1675 1888 Animadvers.

168 1922 312 1958 Histor.
333 1933 414 1969 cap.
439 1925 473 1959 7.
495 1934 530 1969 p.
555 1924 644 1968 279,
661 1923 758 1958 from
769 1923 895 1958 which
911 1926 988 1958 two
1002 1933 1097 1969 very
1111 1920 1264 1956 learned
1277 1919 1400 1955 critics
1416 1918 1436 1954 Ι
1447 1919 1547 1954 have
1561 1918 1678 1954 taken

168 1987 245 2024 this
263 1992 361 2024 note.
422 1986 465 2022 Si
483 1988 515 2024 is
534 1988 748 2024 sometimes
775 1987 891 2023 taken
910 1985 967 2022 for
987 1983 1081 2031 ciem,
1104 1985 1131 2022 i.
1152 1997 1180 2021 e.
1203 1989 1354 2030 tempus
1373 1982 1571 2029 significat,
1602 1992 1679 2017 non

169 2052 431 2098 conditionem,
454 2063 495 2088 as
514 2053 579 2089 the
609 2064 713 2089 same
733 2051 942 2088 Lambinus
961 2062 1050 2098 says
1067 2063 1075 2095 3
1111 2061 1170 2085 see
1188 2049 1269 2084 him
1288 2060 1336 2085 on
1356 2048 1450 2083 Hor.
1466 2047 1530 2083 lib.
1559 2048 1592 2092 1,
1607 2045 1678 2093 Ep.

173 2119 206 2162 7,
227 2129 266 2153 v.
291 2118 351 2163 10,
375 2117 485 2161 Quod
518 2118 553 2152 si
582 2118 718 2153 bruma
749 2117 857 2152 nives
884 2115 1045 2152 Albanis
1072 2114 1193 2150 illinet
1221 2113 1333 2161 agris,
1359 2112 1421 2148 Sec.
1500 2111 1549 2148 So
1569 2110 1678 2159 Virg.

171 2180 258 2217 AEn.
283 2181 317 2227 5,
338 2192 375 2217 v.
400 2181 461 2226 64,
485 2178 687 2226 Praeterea,
721 2181 756 2216 si
793 2191 894 2215 nona
926 2179 1025 2215 diem
1061 2176 1286 2214 mortalibus
1319 2176 1474 2212 almum.
1533 2174 1683 2211 Aurora

171 2246 363 2292 extulerit,
385 2247 573 2294 radiisque
591 2247 773 2283 retexerit
792 2247 931 2282 orbem.
992 2245 1060 2282 See
1086 2243 1290 2280 Vechner’s
1316 2240 1594 2287 Hellenolexia,
1614 2240 1680 2278 lib.

173 2312 208 2356 2,
223 2322 254 2346 c.
270 2311 305 2357 3,
320 2322 356 2358 p.
372 2311 462 2356 268,
478 2312 565 2347 who
579 2312 649 2348 has
663 2311 834 2347 adduced
848 2310 924 2346 this
937 2309 1012 2346 last
1027 2314 1199 2345 sentence
1213 2309 1309 2345 from
1322 2306 1460 2354 virgil,
1475 2306 1550 2342 and
1564 2317 1684 2353 many

174 2376 282 2412 other
306 2375 502 2422 examples
522 2377 564 2412 of
577 2376 611 2411 si
630 2376 688 2412 for
707 2388 770 2421 an,
799 2386 840 2411 as
860 2374 1009 2410 Terent.
1039 2373 1247 2410 Heautont.
1268 2373 1300 2418 1,
1326 2373 1359 2417 1,
1380 2371 1468 2416 118,
1499 2370 1635 2407 Visam
1654 2370 1687 2406 si

175 2441 278 2477 domi
306 2444 374 2477 est.
431 2441 607 2478 Eunuch.
630 2442 664 2487 3,
687 2442 722 2486 4,
748 2443 782 2486 7,
805 2440 924 2487 quue
958 2439 1050 2475 adeo
1076 2438 1200 2474 visam
1218 2437 1252 2472 si
1286 2437 1389 2472 domi
1419 2439 1486 2471 est.
1556 2434 1682 2471 Plaut.

177 2506 318 2543 Bacch.
359 2506 393 2552 3,
426 2506 461 2552 5,
493 2507 562 2542 Ibo
599 2510 637 2541 et
672 2506 796 2541 visam
824 2506 899 2541 huc
927 2505 976 2540 ad
1004 2515 1102 2549 eum,
1141 2503 1177 2538 si
1205 2501 1301 2538 forte
1329 2504 1386 2536 est
1414 2500 1526 2536 domi.
1585 2500 1680 2536 Pro-

177 2570 331 2618 pet-tius,
349 2571 384 2616 2,
407 2571 469 2616 22,
492 2571 554 2616 23,
585 2570 701 2606 Mane
732 2574 812 2606 erat
845 2575 882 2605 et
911 2568 1026 2613 volui,
1062 2567 1096 2602 si
1130 2565 1210 2603 sola
1243 2566 1458 2612 quiesceret,
1494 2565 1558 2602 διο.
1618 2564 1688 2602 See

179 2636 258 2674 also
277 2636 343 2672 the
360 2636 582 2672 authorities
601 2639 640 2671 to
659 2635 786 2671 which
805 2635 982 2671 Vechner
999 2634 1124 2669 refers.
1183 2632 1275 2668 This
1302 2631 1408 2679 truly
1425 2631 1579 2668 learned
1597 2643 1689 2668 man

179 2703 304 2740 shows
321 2701 362 2737 in
393 2701 454 2738 his
473 2700 713 2746 Hellenolex,
747 2701 834 2736 that
866 2700 972 2735 these
1004 2710 1089 2735 uses
1120 2697 1162 2733 of
1175 2697 1210 2733 si
1229 2709 1292 2733 are
1317 2697 1528 2734 imitations
1557 2697 1599 2734 of
1622 2698 1688 2734 the

181 2768 306 2806 Greek
322 2766 362 2804 ⁸7.
436 2765 477 2802 Si
494 2767 526 2804 is
545 2767 760 2804 sometimes
778 2765 927 2801 utinam
943 2777 959 2806 ;
995 2776 1036 2801 as
1055 2764 1164 2812 Virg.
1185 2763 1273 2800 AEn.
1298 2764 1332 2809 6,
1353 2775 1391 2799 v.
1415 2764 1502 2810 187,
1526 2764 1566 2801 Si
1588 2775 1690 2801 nunc

182 2846 221 2872 se
249 2834 357 2871 nobis
388 2833 452 2870 ille
470 2844 606 2870 aureus
636 2832 768 2869 arbore
796 2842 935 2878 ramus,
962 2829 1147 2868 Ostendat
1173 2839 1325 2865 nemore
1350 2828 1392 2864 in
1423 2832 1542 2876 tanto,
1565 2830 1690 2867 where

1401 2896 1487 2939 Β2
