1889 3191
276 252 326 288 94
745 252 806 293 SA
812 253 1025 293 LLUSTII
1053 248 1318 294 CATILINA.

276 386 426 434 neque
449 370 583 432 prius
607 370 715 417 finis
731 371 981 434 jugulandi
1014 371 1119 429 fuit,
1148 374 1285 436 quam
1311 372 1440 420 Sulla
1462 372 1616 421 omnis
1651 384 1759 422 suos

279 455 455 503 divitiis
480 456 698 519 explevit.
768 458 927 519 Atque
951 472 1038 518 ego
1061 457 1165 504 haee
1188 475 1283 505 non
1315 459 1366 505 in
1390 459 1462 506 M.
1488 458 1657 514 Tullio,
1682 476 1762 506 ne-

278 559 367 605 que
389 541 465 589 his
489 542 780 604 temporibus
803 557 962 588 vereor
983 562 994 596 ;
1033 542 1115 588 sed
1137 543 1186 588 in
1209 559 1379 605 magna
1401 544 1589 590 civitate
1613 544 1764 590 multa

279 635 324 673 et
347 627 473 674 varia
495 626 682 689 ingenia
706 632 830 672 sunt-
899 627 1062 673 Potest
1076 628 1165 674 alio
1188 636 1414 691 tempore,
1435 630 1525 677 alio
1541 630 1759 686 Consule,

279 713 354 758 cui
392 712 505 757 item
539 710 768 757 exereitus
803 711 854 756 in
890 727 1071 766 manus,
1112 712 1284 759 falsum
1327 714 1503 777 aliquid
1535 731 1621 776 pro
1655 732 1763 762 vero

279 796 421 843 credi.
446 796 528 842 ubi
549 794 639 842 hoc
663 796 890 858 exempIO,
917 812 1000 858 per
1025 798 1174 843 senati
1199 797 1449 853 decretum,
1475 799 1651 845 Consul
1669 801 1764 862 gla-

279 882 410 928 dium
434 881 659 937 eduxerit,
687 881 791 944 quis
810 882 951 928 finem
977 889 1166 938 statuet,
1190 890 1271 929 aut
1287 884 1391 946 quis
1410 884 1763 931 moderabitur?

281 967 488 1029 Majores
522 967 685 1022 nostri,
715 967 878 1014 Patres
905 968 1170 1030 conscripti,
1210 985 1359 1031 neque
1394 970 1591 1025 consilii,
1618 986 1766 1032 neque

281 1051 487 1099 audaciae
511 1068 734 1114 umquam
759 1068 954 1114 eguere:
992 1068 1142 1115 neque
1179 1053 1395 1114 superbia
1418 1054 1648 1110 obstabat,
1677 1056 1765 1117 quo

281 1138 438 1184 minus
462 1137 611 1184 aliena
627 1137 860 1192 instituta,
880 1137 920 1184 si
939 1138 1075 1184 modo
1094 1139 1254 1200 proba,
1274 1138 1584 1185 imitarentur.
1621 1139 1767 1185 Arma

281 1231 420 1286 atque
437 1223 531 1269 tela
549 1222 768 1268 militaria
783 1223 840 1268 ab
862 1222 1165 1277 Samnitibus,
1187 1222 1391 1284 insignia
1407 1223 1767 1285 magistratuum

283 1310 340 1355 ab
365 1307 566 1355 Tuscis²⁴
589 1308 808 1370 pleraque
833 1314 1126 1354 sumserunt:
1168 1315 1422 1370 postremo,
1449 1308 1574 1370 quod
1596 1308 1768 1370 ubique

283 1395 408 1456 apud
433 1394 596 1449 soeiOS,
623 1400 704 1440 aut
726 1393 878 1440 hostis
913 1393 1132 1439 idoneum
1167 1393 1425 1448 videbatur,
1454 1410 1559 1439 eum
1585 1409 1769 1445 summo

284 1479 439 1525 studio
464 1479 591 1525 domi
615 1478 1006 1540 exsequebantur:
1031 1479 1217 1533 imitari,
1246 1479 1383 1540 quam
1406 1478 1611 1524 invidere
1634 1479 1769 1525 bonis

283 1563 536 1610 malebant.
608 1563 700 1609 Sed
723 1562 885 1609 eodem
908 1562 987 1608 illo
1003 1569 1226 1624 tempore,
1251 1563 1448 1610 Graeciae
1465 1579 1643 1609 morem
1667 1563 1770 1610 imi-

285 1649 386 1704 tati,
407 1648 676 1695 verberibus
691 1647 1124 1694 animadvertebant
1139 1648 1188 1694 in
1212 1649 1342 1706 civis,
1369 1648 1426 1694 de
1450 1648 1772 1695 condemnatis

287 1750 524 1780 summum
561 1733 843 1796 supplicium
880 1734 1142 1780 sumebant.
1214 1734 1471 1796 Postquam
1504 1734 1773 1796 respublica

287 1818 503 1873 adolevit,
542 1825 587 1865 et
632 1818 936 1865 multitudine
972 1819 1142 1865 civium
1178 1819 1405 1865 factiones
1451 1818 1651 1874 valuere,
1688 1819 1773 1865 cir-

287 1903 550 1949 cumvenire
585 1904 870 1959 innoeentes,
922 1903 1011 1950 alia
1055 1904 1381 1966 hujuscemodi
1426 1905 1527 1950 fieri
1573 1920 1769 1967 coepere.

288 1997 390 2034 tum
413 1988 488 2035 lex
512 1989 689 2044 Porcia,
718 1989 913 2051 aliaeque
937 1995 1114 2051 paratae
1132 2010 1143 2044 ;
1163 1989 1333 2051 quibus
1350 1989 1532 2051 legibus
1557 1989 1771 2036 exsilium

289 2074 522 2121 damnatis
546 2075 844 2137 permissum.
917 2075 1055 2121 Hane
1091 2090 1176 2137 ego
1212 2091 1439 2130 caussam,
1468 2075 1630 2121 Patres
1666 2091 1772 2121 con-

288 2162 463 2224 scripti,
490 2164 578 2224 quo
604 2161 761 2207 minus
785 2177 957 2207 novum
993 2160 1239 2207 eonsilium
1264 2160 1516 2222 capiamus,
1540 2159 1772 2222 imprimis

288 2265 506 2310 magnam
529 2255 660 2310 puto.
732 2246 945 2293 Profecto
974 2248 1124 2293 virtus
1157 2252 1296 2308 atque
1327 2245 1589 2308 sapientia¹⁵
1625 2246 1773 2309 major

344 2390 371 2412 ¹⁴
390 2390 451 2426 Ab
479 2387 647 2439 Tuscis]
679 2389 772 2426 Inde
789 2390 917 2435 fasces,
946 2389 1094 2434 trabeae,
1116 2388 1271 2434 curules,
1302 2388 1441 2433 annuli,
1463 2387 1634 2434 phalerae,
1664 2387 1773 2434 palu-

289 2460 476 2503 damenta,
496 2460 683 2504 praetexta
698 2469 707 2501 3
724 2456 818 2502 inde,
841 2456 942 2503 quod
956 2466 1066 2491 aureo
1082 2466 1192 2491 curru
1204 2458 1364 2502 quatuor
1378 2454 1482 2501 equis
1497 2453 1771 2500 triumphatur:

289 2529 388 2571 togae
420 2523 539 2570 pictae,
573 2522 784 2569 tunicaeque
813 2521 1010 2568 palmatae3
1040 2521 1166 2557 omnia
1195 2520 1353 2567 denique
1385 2520 1516 2556 deeora
1543 2523 1581 2555 et
1598 2519 1769 2566 insignia,

290 2589 426 2635 quibus
445 2588 589 2634 imperii
608 2587 774 2634 dignitas
792 2584 1052 2622 ominem—M.

345 2650 374 2673 ¹⁵
404 2649 567 2699 Profecc')
596 2651 715 2687 virtus
744 2655 859 2697 atque
885 2649 1090 2697 sapientia,
1123 2647 1209 2697 δια]
1241 2648 1430 2684 Victorius
1457 2647 1547 2684 Var.
1578 2646 1678 2682 Lect.
1708 2645 1771 2682 lib.

292 2721 355 2763 27,
375 2729 406 2753 c.
430 2718 489 2761 18,
511 2717 635 2752 shows
653 2716 738 2752 that
757 2714 900 2752 Sallust
918 2714 986 2749 has
1005 2713 1176 2749 imitated
1195 2712 1442 2760 Thucydides.
1498 2711 1578 2747 The
1596 2709 1718 2745 words
1737 2710 1779 2745 of

275 2783 356 2820 ,the
375 2781 499 2820 Greek
516 2779 697 2817 historian
725 2791 797 2827 are,
820 2778 896 2816 '1²52
929 2793 968 2816 τε
1001 2776 1166 2830 πατέρων
1202 2776 1255 2823 μὴ
1291 2774 1432 2827 χείρους
1468 2775 1557 2812 κατ’
1581 2773 1773 2825 ἀμφότερα
